2608 3445
1293 201 1327 254 4

241 361 372 402 csse,
438 351 492 390 ut
533 341 685 389 fusius
731 357 785 389 ac
828 342 1067 407 copiosius
1099 343 1158 390 de
1190 342 1248 389 iis
1289 341 1610 408 quaerendum
1652 350 1909 391 censerent.
1923 345 1970 403 ⁴)
2016 342 2154 409 *Nam
2197 349 2346 389 tantas

240 419 537 476 vaticinatio,
609 433 753 480 quam
829 418 904 465 illi
975 436 1140 467 versus
1210 418 1481 479 continent,
1542 419 1684 467 habet
1763 416 2088 475 difficultates,
2152 426 2203 464 ut
2264 418 2347 463 vix

241 494 386 539 alium
451 492 719 539 carminum
781 492 1143 540 HomerIcorum
1216 494 1375 540 locum
1446 492 1660 540 invenias
1736 493 1846 552 illo,
1907 492 1949 539 si
2010 508 2105 539 non
2169 493 2345 546 verbis,

242 576 285 613 ιιι
329 567 563 614 sententia
620 566 943 614 obscuriorem
1008 576 1152 630 atquc
1210 566 1574 630 impeditiorem.
1700 566 1837 628 Quae
1889 584 2050 614 caussa
2100 564 2217 623 fuit,
2298 574 2350 610 ιιι

241 652 426 688 veteres
463 642 757 688 scholiastae
789 642 917 687 varia
949 641 1007 687 de
1038 643 1181 704 bujus
1216 640 1565 687 vaticinationis
1597 657 1741 687 seusu
1789 651 1834 688 ct
1878 641 2075 689 consilio
2117 641 2351 702 fingerent

243 724 521 773 commenta,
588 723 640 761 ut
672 732 731 761 ex
764 713 826 761 iis
855 724 1065 778 apertum
1099 723 1196 774 est,
1259 732 1379 779 quae
1411 714 1688 762 Eustatbius
1719 716 1778 762 ad
1811 718 1937 763 bunc
1969 718 2127 763 locum
2159 723 2350 761 annota-

242 791 368 846 vit.⁵)
412 791 500 836 Ait
533 790 675 849 euim,
709 789 883 835 ideirco
916 807 941 835 a
975 789 1163 836 Tiresia
1195 789 1385 837 Ulixem
1410 789 1574 851 juberi
1603 790 1663 837 ab
1695 789 1856 837 Ithaca
1892 792 2058 837 iterum
2090 790 2347 839 discedere,

243 875 312 912 ἵνα
345 867 521 931 τιμηθῇ
552 867 775 914 Ποσειδῶν
804 859 1043 928 ἠπειρώτης
1075 870 1122 914 ἐν
1155 864 1316 924 τόποις,
1347 858 1408 919 οἶς
1440 864 1489 913 ου’
1520 870 1703 927 φέρεται
1732 864 1870 913 αὐτοῦ
1908 863 2068 923 ὄνομα·
2113 864 2351 926 additque,

242 949 423 987 veteres
456 941 594 986 etiam
631 957 929 987 enumerasse
960 940 1143 1003 aliquot
1174 940 1276 986 loca
1308 940 1505 987 barbare
1535 940 1768 999 sonantia,
1792 940 2076 998 ubiUlich,
2123 956 2267 1002 quum
2297 956 2351 982 ου

241 1014 556 1077 pervenisset,
629 1013 932 1076 praescriptis
979 1031 1006 1059 a
1049 1014 1237 1059 Tiresia
1278 1015 1540 1060 honoribus
1586 1015 1857 1077 Neptunum
1890 1015 2106 1062 coluerit.
2210 1014 2352 1059 Van-i«-

242 1098 397 1134 autem
432 1105 581 1151 quum
613 1096 794 1135 veteres
824 1095 925 1133 tum
957 1088 1242 1134 recentiores
1276 1088 1334 1135 dc
1366 1089 1574 1135 vaticinii
1607 1106 1749 1134 sensu
1776 1088 2021 1148 judicasse
2057 1089 2352 1149 maximeque

244 1164 302 1209 de
335 1161 684 1224 significatione
718 1161 942 1209 vocabuli
973 1160 1278 1223 α’θηρηλοιγὸς,
1310 1162 1388 1209 eui
1411 1163 1482 1209 illi
1503 1163 1595 1209 vim
1620 1162 1873 1208 tribuerint
1904 1162 2171 1219 ventilabri,
2194 1162 2240 1205 bi
2280 1179 2351 1205 ru-

243 1237 443 1283 diculac.
485 1236 587 1281 Nec
602 1236 761 1281 miuus
794 1235 1072 1281 haesitatum
1102 1235 1248 1281 fuisse
1280 1236 1337 1281 dc
1370 1253 1510 1281 sensu
1544 1236 1794 1281 verborum
1827 1236 1881 1291 ἐξ·
1913 1230 2032 1289 οἶλός·
2067 1252 2172 1280 nam
2206 1252 2350 1296 quun·

242 1310 599 1373 significarebis
614 1309 981 1373 volueritpoeta,
996 1327 1285 1374 quamquam
1301 1309 1461 1356 multis
1483 1328 1535 1356 ac
1571 1310 1754 1373 magnis
1788 1309 2129 1355 calamitatibus
2152 1309 2352 1354 afflictus

242 1384 470 1433 Ulixesin
485 1385 602 1431 mari
617 1393 758 1444 esset,
793 1393 923 1433 extra
954 1402 1082 1432 mare
1113 1393 1269 1432 tamen
1297 1384 1412 1431 olim
1446 1385 1568 1432 vitae
1599 1385 1778 1432 exitum
1811 1385 1857 1431 ei
1894 1386 2008 1443 fore,
2040 1386 2165 1431 bunc
2187 1384 2234 1429 in
2250 1401 2350 1429 scu-

242 1477 344 1506 sum
377 1459 496 1507 alios
530 1460 936 1526 Praepositionem
966 1462 1022 1519 ἐξ
1050 1459 1313 1524 accepisse,
1345 1468 1396 1506 ut
1410 1459 1558 1507 Heroi
1588 1460 1635 1506 iu
1666 1460 1890 1507 fluctibus
1913 1460 1992 1506 diu
2018 1460 2195 1521 jactato
2228 1459 2352 1505 ‹licc-

242 1542 348 1581 reut
410 1543 697 1597 postremum
766 1552 959 1599 quoque
1026 1534 1151 1581 ‹liem
1214 1552 1273 1581 cx
1327 1534 1446 1580 mari
1508 1543 1754 1582 venturum
1820 1552 1947 1593 assez,
2009 1551 2148 1597 quam
2216 1534 2353 1579 inter-

242 1608 552 1670 pretationem
584 1610 811 1670 quosdam
845 1617 1072 1672 sequutos
1106 1609 1201 1654 duo
1232 1609 1316 1654 illa
1350 1609 1494 1655 verba
1526 1610 1792 1672 copulando
1829 1609 2048 1669 junxisse
2089 1608 2353 1670 scripsisse-

244 1701 338 1744 que
368 1682 545 1735 ἔξαλος.
640 1683 859 1727 Fluxisse
901 1692 1057 1727 autem
1099 1699 1158 1727 ex
1198 1683 1284 1726 tali
1323 1683 1708 1742 interpretatione
1754 1683 1962 1726 rabulam
1994 1683 2052 1726 de
2085 1682 2350 1742 Telegono..

245 1754 404 1802 Ulixis
467 1761 515 1801 et
577 1752 747 1800 Circes
807 1753 936 1812 filio,
1002 1752 1088 1816 qui
1141 1760 1323 1815 patrem
1378 1755 1509 1800 hasta
1586 1754 1798 1817 trygonis
1870 1754 2054 1816 spiculo
2130 1754 2353 1800 instructa

244 1828 563 1876 vulneraverit
594 1835 735 1891 atque
770 1827 1074 1876 interiecerit.
1167 1827 1299 1874 Haec
1333 1825 1638 1886 Eustatbius,
1685 1827 1769 1890 qui
1810 1845 1948 1873 suum
1983 1827 2041 1873 de
2073 1826 2167 1873 illis
2200 1829 2355 1874 verbis

240 1903 480 1964 judicium
514 1902 565 1948 iu
592 1903 721 1949 bunc
750 1901 945 1950 modum
980 1900 1244 1965 eloquiturz
1307 1899 1469 1952 Ἱστέον
1511 1904 1556 1951 δὲ
1601 1903 1676 1951 καὶ
1719 1899 1784 1950 ὅτι
1809 1934 1824 1961 ‚
1863 1902 2154 1959 εἴη’ἔὲαλος
2196 1901 2355 1964 ’γράφει

247 1997 309 2033 τις
339 1979 430 2026 εἴτε
463 1980 521 2035 ἐξ
546 1971 681 2036 dade,
724 1971 946 2040 λοξότητα
985 1977 1195 2039 χρησμοῦ
1230 1983 1433 2035 μιμεῖται
1473 1976 1496 2025 ὅ
1528 1979 1715 2032 τοιοῦτος
1747 1972 1877 2034 λόγος
1917 1979 1994 2025 τοῦ
2037 1978 2259 2039 Τειρεσίου
2290 1976 2356 2024 dxx*

248 2051 295 2099 τὸ
328 2052 506 2110 οἶσοιφὲς
536 2055 612 2099 καὶ
643 2053 950 2114 δυσεξήγητον.
1017 2050 1177 2109 Quam
1206 2053 1414 2113 χρησμοῦ
1440 2047 1659 2115 λοέἆτητοι
1702 2060 1748 2097 et
1789 2052 1893 2114 ipse
1936 2066 2193 2114 agnoscens
2226 2052 2356 2098 Nuz-

247 2126 406 2173 sebius
424 2130 493 2185 ῆι
525 2128 609 2173 der
637 2126 939 2174 vorstehemle
968 2128 1128 2173 zweite
1163 2126 1317 2184 Theil„
1345 2125 1533 2190 inquit,
1580 2128 1661 2174 des
1692 2126 2049 2188 proplietisclaeffl
2080 2126 2355 2174 Besclueide.s

297 2344 337 2390 ⁴)
365 2344 455 2393 Ipse
480 2344 667 2389 Lauerna,
695 2346 761 2394 qui
784 2347 826 2382 in
853 2344 1145 2394 Quaestiouibus
1171 2346 1382 2384 Homericis
1406 2346 1579 2384 Bcrolini
1614 2359 1637 2382 a
1677 2343 1814 2384 1845.
1852 2345 1893 2381 iu
1918 2343 2037 2381 lucem
2075 2346 2181 2383 editis
2219 2351 2355 2396 primus

372 2408 419 2443 de
444 2407 635 2443 undecimi
662 2407 855 2457 Odysseae
881 2407 972 2443 libri
996 2408 1116 2444 forma
1142 2420 1320 2457 germana
1343 2415 1379 2447 ct
1402 2411 1522 2460 patria
1549 2410 1646 2458 egit,
1684 2409 1886 2446 institutam
1921 2408 1967 2444 de
1993 2407 2063 2445 hac
2099 2410 2355 2450 vaticinatione

370 2471 621 2518 quaestionem
648 2471 766 2506 tribus
790 2472 939 2521 paginis
962 2471 1143 2511 absolvit.
1198 2472 1321 2521 Quem
1346 2474 1485 2509 Laueri
1508 2473 1680 2509 libellum
1705 2484 1915 2522 quanquam
1951 2483 1997 2505 cx
2021 2472 2330 2521 premeridibus
2344 2506 2354 2519 ,

372 2547 466 2582 quae
491 2534 694 2583 inscriptae
722 2539 830 2571 sunt:
859 2537 1128 2585 Repertort'um
1154 2536 1221 2571 der
1247 2536 1480 2573 classatechen
1505 2537 1712 2574 Lites-atur.
1762 2537 1959 2584 Herum-q.
1984 2548 2057 2571 von
2082 2537 2118 2574 1.
2149 2539 2199 2573 G.
2228 2540 2356 2574 filule!-

371 2611 489 2634 mmm
524 2596 605 2633 und
654 2596 735 2635 Ed.
773 2597 950 2638 ‹Iena-ke,
1026 2598 1153 2634 Erstes
1187 2597 1304 2647 Heli.
1380 2599 1516 2648 Leipz.
1553 2598 1682 2635 1844.
1735 2612 1776 2646 p.
1819 2597 1889 2636 12.
1925 2603 2002 2634 tum
2038 2599 2182 2636 demum
2220 2614 2356 2649 coguo-

374 2660 509 2701 vimus,
537 2672 651 2707 quum
676 2658 775 2695 hanc
800 2663 964 2695 nostram
990 2658 1277 2708 disputationem
1300 2661 1418 2697 literis
1445 2660 1664 2707 consignare
1683 2661 1953 2709 humpen-amus,
1980 2662 2066 2709 quin
2077 2665 2355 2712 respiceremus,

375 2729 553 2772 quantum
579 2735 651 2772 par
675 2727 783 2766 esset,
812 2735 889 2758 non
915 2725 1284 2771 praetermittendum
1312 2725 1535 2773 putavimus.
1615 2724 1695 2761 Ad.
1723 2725 1982 2760 nen-mannus
2015 2726 2056 2761 in
2089 2726 2358 2766 Dissertatione

374 2798 488 2837 supra
514 2790 801 2823 commemorata
828 2786 996 2827 Tiresiae
1020 2785 1133 2824 verba
1159 2787 1311 2824 nonnisi
1335 2789 1561 2837 praeteriens
1587 2787 1725 2834 attigit.

304 2851 341 2895 ⁵)
371 2849 435 2885 Ct'.
465 2850 654 2886 Eustathii
682 2849 954 2886 Comme-tatii
979 2850 1028 2885 ad
1052 2851 1210 2886 Homeri
1237 2849 1461 2899 odysseam,
1512 2851 1625 2901 Lips.
1654 2848 1787 2889 1825.
1839 2850 1887 2887 Τ.
1914 2851 1951 2890 Ι.
1976 2865 2018 2902 p.
2044 2850 2234 2892 402—5.

305 2913 342 2959 ⁶)
372 2912 439 2953 cf.
464 2912 665 2951 Annotatt.
692 2913 740 2948 ad
766 2913 991 2962 odysseam.
1044 2913 1135 2949 Vol.
1162 2914 1248 2952 111,
1275 2927 1316 2964 p.
1345 2913 1447 2951 210.
1475 2933 1526 2941 —
1558 2914 1754 2950 Daumius
1781 2925 1924 2964 quoque
1948 2916 1989 2962 in
2014 2916 2155 2953 Lexico
2182 2916 2296 2959 Hom.
2323 2932 2357 2960 s,
