2608 3445
1281 223 1349 272 15

259 368 445 417 sentiet·
472 367 542 423 ²⁸)
633 362 721 410 An·
761 362 961 409 eundem
1018 361 1292 423 putabimus
1334 369 1547 423 poetam,
1609 358 1718 421 qui,
1779 358 1863 404 ubi
1905 357 2217 404 similitudine
2259 358 2365 403 illu·

258 450 405 487 strare
439 456 534 485 rem
569 437 776 500 aliquam
806 436 982 491 studet,-
1014 434 1104 480 liae
1133 434 1234 496 ipsa
1268 451 1318 480 re
1349 434 1487 496 quasi
1521 451 1579 480 ex
1613 431 1768 479 oculis
1800 431 2008 491 dimissa,
2038 432 2160 479 nibil
2187 433 2364 478 intuea-

258 522 337 560 tur
366 520 508 576 atque
538 517 791 574 proponat,
824 507 921 554 nisi
948 506 1014 565 id,
1046 524 1143 571 quo
1174 507 1481 572 comparandi
1512 524 1675 555 caussa
1707 506 1884 554 utitur=
1921 507 2120 554 cundem
2151 506 2364 554 consebi-

257 604 361 635 mus
393 587 474 634 illa
506 586 715 632 affectata
746 596 897 645 paene
929 581 1142 640 ratione,
1175 599 1269 646 qua
1301 582 1353 629 fit
1384 591 1546 630 nostro
1577 582 1699 640 loco,
1730 596 1886 628 remos
1918 580 2068 627 fuisse
2100 580 2363 640 descriptu-

258 661 399 709 rum?
434 668 486 707 ut
517 658 714 715 mittam,
744 654 873 720 quod
904 671 1001 702 non
1031 657 1172 704 modo
1205 656 1347 721 plane
1386 657 1623 721 superflua
1670 658 1749 703 hic
1789 656 1898 703 talis
1942 654 2194 702 illustratio
2235 654 2363 699 vide·

259 745 354 795 tur,
392 735 476 781 sed
508 732 648 779 etiam
682 731 785 795 ipsa
817 731 974 795 imago
1006 748 1171 795 parum
1205 741 1311 796 apta
1344 742 1415 779 est
1445 734 1504 779 ad
1535 749 1615 778 eos
1646 748 1799 777 remos
1833 731 2195 788 describendos,
2243 746 2365 792 quos

255 819 391 872 poeta
421 815 557 853 vocat
586 808 753 867 ἔρημοι
785 800 1043 867 ἐυῆρεοι.“)
1142 806 1357 853 Fortasse
1389 826 1521 853 mens
1554 825 1628 853 me
1659 823 1828 852 sensus
1862 806 2009 863 fallit3
2056 806 2140 851 scd
2173 805 2363 865 egregie

259 882 375 928 mihi
398 881 648 945 displicent
669 881 785 927 haee
817 880 979 937 verba,
1013 897 1133 942 quae
1166 881 1314 943 probe
1345 881 1563 943 intelligo
1593 898 1688 927 non
1720 881 1784 927 ita
1815 880 1974 942 magni
2006 877 2229 925 momenti
2261 894 2361 922 ess«,-

257 954 315 1001 ad
346 971 493 1001 meam
524 970 621 1002 rem
654 952 1013 1002 defendendam.
1075 954 1297 1003 Attamen
1330 955 1582 1004 dicendum
1614 963 1730 1014 erat,
1764 954 1883 1018 qnid
1913 954 1973 1002 de
2006 953 2064 1001 iis
2092 951 2328 1000 sentirem.

375 1028 482 1076 Jam
515 1044 625 1074 vcro
658 1026 1054 1092 progrediendum
1089 1036 1159 1075 est
1190 1029 1249 1076 ad
1282 1030 1456 1093 majora
1491 1039 1537 1077 et
1575 1029 1825 1094 graviora,
1889 1045 1996 1075 nam
2040 1045 2165 1093 quae
2210 1026 2362 1070 adhuc

257 1102 630 1167 disputavimus,
663 1102 723 1146 iis
754 1101 1059 1148 labefactasse
1090 1104 1283 1167 quidem
1316 1121 1504 1163 versus,
1539 1105 1588 1149 in
1620 1120 1740 1167 quos
1773 1104 2092 1167 inquirimus,
2125 1102 2262 1147 nobis
2296 1101 2360 1142 vi-

257 1179 449 1234 demur,
485 1195 572 1223 nec
604 1186 756 1223 tamen
789 1176 1096 1223 commovisse
1126 1186 1268 1240 atque
1298 1198 1356 1225 ex
1389 1179 1629 1242 Odysseae
1662 1180 1809 1236 libro,
1844 1179 1922 1224 cni
1955 1178 2124 1224 intrusi
2156 1176 2361 1237 antiqui-

255 1261 330 1298 tus
364 1252 512 1309 fuere,
545 1261 596 1296 nt
628 1267 713 1313 par
747 1258 833 1307 est,
868 1249 1126 1312 expulisse.
1191 1252 1415 1300 Diximus
1447 1263 1601 1300 autem
1633 1271 1794 1315 supra,
1823 1254 1866 1299 si
1895 1253 1981 1315 qui
2011 1252 2145 1298 locus
2178 1259 2363 1311 praetor

255 1323 483 1373 sermonis
515 1322 740 1388 quasdam
781 1322 1072 1387 suspiciones
1115 1323 1163 1372 id
1197 1342 1391 1397 quoque
1429 1326 1597 1375 habeat
1627 1325 1928 1386 offensionis,
1971 1334 2022 1374 ut
2065 1324 2125 1373 ab
2161 1341 2216 1371 eo
2253 1340 2360 1386 poc·

257 1401 322 1445 sis
356 1398 516 1463 epicac
548 1398 763 1462 ingenio,
796 1398 925 1461 quod
957 1398 1157 1444 Homeri
1188 1402 1477 1448 carminibus
1509 1403 1805 1461 continetur,
1850 1402 1976 1448 haud
2009 1401 2153 1447 dubie
2195 1400 2362 1443 abhor-

257 1482 373 1530 reat,
443 1485 580 1529 enm,
645 1473 858 1534 quamvis
889 1472 1099 1534 antiquis
1132 1475 1361 1519 munitum
1396 1477 1700 1532 testimoniis,
1756 1480 1869 1538 jure
1905 1478 1952 1522 in
1988 1474 2361 1537 interpolationis

163 1545 170 1551 ’
255 1544 623 1592 criminationem
659 1544 828 1591 vocari.
923 1544 977 1590 ld
1011 1564 1202 1609 quoque
1244 1547 1291 1592 in
1338 1557 1545 1595 nostrum
1580 1550 1737 1596 locum
1769 1551 1962 1608 eadere,
2008 1567 2133 1595 nuuc
2167 1549 2357 1594 demon·

255 1619 496 1663 sii-andum
530 1625 614 1664 est.
658 1647 660 1650 -

380 1689 439 1734 Et
469 1688 670 1750 primum
702 1688 894 1750 quidem
927 1688 969 1733 si
997 1690 1228 1745 vaticinii,
1260 1695 1387 1755 quod
1421 1695 1634 1740 Tiresias
1666 1698 1780 1755 edit,
1813 1698 2024 1742 habitum
2058 1715 2111 1743 ac
2133 1698 2358 1742 rationem

256 1764 544 1810 conferimus
575 1777 681 1807 cum
715 1762 795 1807 itta
828 1762 989 1808 Protei
1023 1765 1372 1825 praedictione,
1420 1785 1543 1831 quae
1574 1778 1644 1815 cst
1675 1770 1766 1817 0d.
1797 1774 1834 1830 δ,
1866 1771 2138 1818 349—5702
2183 1778 2359 1834 quanta

259 1848 327 1884 est
359 1838 559 1883 duarum
591 1835 977 1882 vaticinationum
1009 1838 1280 1884 diversitas!
1323 1842 1376 1887 In
1412 1842 1573 1889 Protei
1601 1844 1791 1902 verbis,
1833 1846 1875 1890 si
1907 1846 2089 1908 aliquot
2119 1844 2358 1904 exceperis

260 1928 452 1967 vei-sus,
516 1908 575 1955 ab
620 1908 953 1971 interpolatore
991 1909 1154 1973 aliquo
1197 1912 1428 1973 intextos,
1493 1916 1650 1962 omnia
1691 1917 1830 1979 plana
1872 1927 1984 1964 sunt
2024 1936 2079 1965 ac
2124 1918 2360 1964 dilucidaz

260 1984 417 2031 omnia
450 1983 508 2028 ad
543 1998 615 2027 res
646 1982 721 2028 vel
753 1988 906 2044 gestas
940 1983 1177 2045 pertinent
1209 1987 1283 2033 vel
1316 1990 1572 2051 gerendas,
1604 2007 1725 2053 quae
1741 2007 1852 2037 vero
1866 2001 2198 2054 proponuntur
2220 2007 2355 2053 agen-

255 2062 340 2116 da,
374 2075 426 2104 ea
459 2055 580 2102 nihil
611 2055 784 2101 liabent
814 2055 1136 2117 difficultatis,
1168 2059 1291 2106 nihil
1325 2062 1676 2126 ambiguitatis,
1711 2065 1796 2111 sed
1829 2065 2021 2130 legibus
2050 2074 2217 2131 parent
2250 2082 2356 2127 poi·-

255 2136 320 2179 sis
352 2133 529 2196 epicae,
560 2146 758 2192 quarum
789 2146 1054 2193 supremam
1086 2151 1186 2180 esse
1216 2136 1566 2199 perspicuitatis
1596 2139 1747 2202 legem
1778 2156 1922 2204 supra
1946 2142 2170 2195 vidimus.
2236 2140 2355 2184 Nam

254 2211 292 2255 si
333 2215 494 2272 poetae
526 2204 650 2268 epici
683 2212 781 2261 est,
845 2204 1054 2252 actiones
1085 2224 1302 2260 enarrare
1331 2213 1431 2260 sive
1462 2222 1620 2275 gestas
1652 2214 1753 2262 sive
1783 2216 2043 2278 gerendas,
2107 2216 2356 2269 neminem,

255 2283 369 2345 quid
401 2287 573 2337 narret,
604 2278 744 2325 debet
774 2278 955 2341 fugere.
996 2280 1149 2329 Porro
1180 2286 1377 2332 carmini
1409 2286 1544 2349 epico
1577 2304 1673 2333 non
1705 2288 1835 2346 licet,
1871 2306 1946 2336 res
1979 2290 2221 2337 continere
2253 2308 2348 2340 eas..

255 2373 376 2419 quae
407 2372 493 2401 cur
521 2352 802 2411 referantur,
834 2370 971 2400 nemo
1002 2355 1134 2402 facili
1166 2359 1357 2421 negotio
1390 2360 1641 2426 intelligat.
1703 2362 1779 2409 Ex
1817 2380 1913 2427 quo
1945 2381 2120 2428 genere
2138 2365 2354 2411 Tiresiae

254 2429 393 2474 verba
426 2435 548 2473 sunt.
610 2425 730 2471 Nam
762 2425 879 2488 quid
905 2427 1070 2474 attinet
1101 2431 1160 2476 ad
1199 2432 1443 2497 Odysseae
1475 2436 1738 2482 auditorem
1772 2438 2081 2495 lectoremve,
2117 2439 2200 2501 qui
2234 2440 2360 2485 nil-it

281 2584 344 2627 ²³)
371 2583 491 2619 Multo
516 2585 638 2633 aptior
662 2595 706 2619 ac
729 2585 931 2622 dilucidior
951 2586 1042 2621 haec
1064 2584 1186 2630 imago
1197 2589 1251 2620 est
1262 2584 1498 2635 Aeschylea:
1529 2589 1669 2637 Agant.
1683 2603 1720 2629 v.
1733 2589 1814 2625 55:
1847 2573 2071 2639 ττδρῦγων
2110 2585 2352 2640 ἐρετμοῖσιν

377 2649 626 2706 spicuam·
644 2664 693 2703 et,
706 2672 814 2709 qnam
838 2659 1022 2708 Virgilius
1046 2656 1159 2694 habet
1185 2657 1275 2696 Aen
1322 2661 1343 2698 l
1358 2688 1369 2706 ,
1398 2661 1531 2701 500.:
1588 2664 1705 2702 Volat
1736 2665 1803 2702 ille
1839 2664 1982 2714 (majac
2016 2665 2133 2714 filins)
2167 2680 2236 2717 per
2270 2672 2352 2704 «εει-ιι

377 2733 559 2767 magnum.
578 2723 734 2770 remigio
761 2724 919 2766 alarum.
969 2722 1037 2762 cf.
1061 2722 1094 2761 1.
1119 2722 1204 2766 111,
1232 2721 1324 2760 520
1337 2740 1347 2760 ι
1376 2725 1546 2763 velorum
1570 2729 1769 2778 pandi-na
1792 2728 1886 2766 alas.
2071 2772 2074 2774 ,

279 2783 342 2828 2⁴)
364 2784 413 2821 In
438 2796 511 2832 qua
534 2797 575 2821 re
597 2796 674 2822 non
699 2792 753 2824 est
776 2788 881 2837 parvi
904 2786 1197 2830 aestimandum,
1234 2788 1337 2836 qaod
1358 2794 1506 2838 praeter
1529 2796 1697 2828 nostrum
1720 2792 1844 2828 locun
1870 2796 1906 2828 ct
1939 2792 2005 2840 qui
2029 2804 2076 2830 ex
2100 2806 2146 2832 co
2171 2797 2349 2845 originem

376 2859 485 2896 :mit
510 2858 591 2898 od.
621 2850 681 2909 ψ,
709 2861 815 2901 268.
843 2860 945 2899 2⁷2.
973 2874 1049 2898 m
1073 2865 1329 2902 autum-2010
1352 2864 1454 2908 ιω..
1479 2867 1544 2914 qui
1568 2872 1623 2904 αι
1647 2866 1725 2907 oa.
1751 2872 1806 2913 μ,
1861 2865 1932 2907 w.
1972 2868 2072 2906 iuna
2111 2871 2350 2921 Ααςαιεω..

373 2925 588 2972 usurpatum
612 2922 783 2971 legimns,
810 2924 876 2964 sed
900 2922 955 2961 ibi
980 2923 1103 2975 aptius
1126 2924 1175 2962 ad
1200 2937 1297 2972 rem,
1324 2939 1419 2977 quac
1442 2927 1615 2968 refertur.
