<?xml version="1.0" encoding="UTF-8"?>
<!DOCTYPE html PUBLIC "-//W3C//DTD XHTML 1.0 Transitional//EN"
    "http://www.w3.org/TR/xhtml1/DTD/xhtml1-transitional.dtd">
<html xmlns="http://www.w3.org/1999/xhtml" xml:lang="en" lang="en">
 <head>
  <title>
</title>
<meta http-equiv="Content-Type" content="text/html;charset=utf-8" />
  <meta name='ocr-system' content='tesseract 3.04.00' />
  <meta name='ocr-capabilities' content='ocr_page ocr_carea ocr_par ocr_line ocrx_word'/>
</head>
<body>
  <div class='ocr_page' id='page_1' title='image "./4629191_0016.png"; bbox 0 0 2608 3445; ppageno 0'>
   <div class='ocr_carea' id='block_1_1' title="bbox 1260 236 1329 287">
    <p class='ocr_par' dir='ltr' id='par_1_1' title="bbox 1260 236 1329 287">
     <span class='ocr_line' id='line_1_1' title="bbox 1260 236 1329 287; baseline 0.014 -1"><span class='ocrx_word' id='word_1_1' title='bbox 1260 236 1329 287; x_wconf 85' lang='lat'><strong>10</strong></span> 
     </span>
    </p>
   </div>
   <div class='ocr_carea' id='block_1_2' title="bbox 224 375 2345 1627">
    <p class='ocr_par' dir='ltr' id='par_1_2' title="bbox 224 375 2345 1627">
     <span class='ocr_line' id='line_1_2' title="bbox 224 375 2342 441; baseline 0.001 -15"><span class='ocrx_word' id='word_1_2' title='bbox 224 380 285 441; x_wconf 80' lang='lat' dir='ltr'><strong>ja</strong></span> <span class='ocrx_word' id='word_1_3' title='bbox 315 378 456 426; x_wconf 83' lang='lat' dir='ltr'><strong>selbst</strong></span> <span class='ocrx_word' id='word_1_4' title='bbox 483 375 862 438; x_wconf 72' lang='lat' dir='ltr'><strong>widersproeluen</strong></span> <span class='ocrx_word' id='word_1_5' title='bbox 892 375 1040 433; x_wconf 62' lang='lat' dir='ltr'><strong>latine,</strong></span> <span class='ocrx_word' id='word_1_6' title='bbox 1072 391 1215 422; x_wconf 80' lang='lat' dir='ltr'><strong>wenn</strong></span> <span class='ocrx_word' id='word_1_7' title='bbox 1247 392 1302 422; x_wconf 83' lang='lat' dir='ltr'><strong>er</strong></span> <span class='ocrx_word' id='word_1_8' title='bbox 1328 382 1515 441; x_wconf 73' lang='lat' dir='ltr'><strong>qesaqt:</strong></span> <span class='ocrx_word' id='word_1_9' title='bbox 1535 378 1583 440; x_wconf 76' lang='lat' dir='ltr'><strong><em>s</em></strong></span> <span class='ocrx_word' id='word_1_10' title='bbox 1581 395 1610 424; x_wconf 89' lang='grc' dir='ltr'><strong><em>α</em></strong></span> <span class='ocrx_word' id='word_1_11' title='bbox 1623 375 1655 424; x_wconf 78' lang='grc' dir='ltr'><strong>1ι</strong></span> <span class='ocrx_word' id='word_1_12' title='bbox 1667 392 1750 426; x_wconf 79' lang='lat' dir='ltr'><strong>re..</strong></span> <span class='ocrx_word' id='word_1_13' title='bbox 1808 377 1929 426; x_wconf 82' lang='lat' dir='ltr'><strong>Nun</strong></span> <span class='ocrx_word' id='word_1_14' title='bbox 1959 378 2078 425; x_wconf 80' lang='lat' dir='ltr'><strong>aber·</strong></span> <span class='ocrx_word' id='word_1_15' title='bbox 2095 380 2342 428; x_wconf 77' lang='lat' dir='ltr'><strong>warItlm-</strong></span> 
     </span>
     <span class='ocr_line' id='line_1_3' title="bbox 235 449 2345 516; baseline 0.002 -19"><span class='ocrx_word' id='word_1_16' title='bbox 235 453 293 498; x_wconf 82' lang='lat' dir='ltr'><strong>ka</strong></span> <span class='ocrx_word' id='word_1_17' title='bbox 321 454 425 498; x_wconf 76' lang='lat' dir='ltr'><strong>eine</strong></span> <span class='ocrx_word' id='word_1_18' title='bbox 455 451 567 498; x_wconf 75' lang='lat' dir='ltr'><strong>sehr</strong></span> <span class='ocrx_word' id='word_1_19' title='bbox 597 450 748 497; x_wconf 77' lang='lat' dir='ltr'><strong>kleine</strong></span> <span class='ocrx_word' id='word_1_20' title='bbox 778 450 911 497; x_wconf 84' lang='lat' dir='ltr'><strong>Insel</strong></span> <span class='ocrx_word' id='word_1_21' title='bbox 925 482 940 508; x_wconf 88' lang='lat'><strong>,</strong></span> <span class='ocrx_word' id='word_1_22' title='bbox 987 465 1040 495; x_wconf 85' lang='lat' dir='ltr'><strong>so</strong></span> <span class='ocrx_word' id='word_1_23' title='bbox 1083 451 1193 495; x_wconf 79' lang='lat' dir='ltr'><strong>dass</strong></span> <span class='ocrx_word' id='word_1_24' title='bbox 1230 449 1467 511; x_wconf 73' lang='lat' dir='ltr'><strong>odysseus</strong></span> <span class='ocrx_word' id='word_1_25' title='bbox 1496 452 1650 516; x_wconf 69' lang='lat' dir='ltr'><strong>gleieh</strong></span> <span class='ocrx_word' id='word_1_26' title='bbox 1681 460 1834 498; x_wconf 81' lang='lat' dir='ltr'><strong>zuerst</strong></span> <span class='ocrx_word' id='word_1_27' title='bbox 1864 452 1983 498; x_wconf 77' lang='lat' dir='ltr'><strong>doch</strong></span> <span class='ocrx_word' id='word_1_28' title='bbox 2015 454 2191 499; x_wconf 75' lang='lat' dir='ltr'><strong>wieder</strong></span> <span class='ocrx_word' id='word_1_29' title='bbox 2219 454 2345 502; x_wconf 66' lang='lat' dir='ltr'><strong>hatte</strong></span> 
     </span>
     <span class='ocr_line' id='line_1_4' title="bbox 234 522 2343 588; baseline 0.001 -19"><span class='ocrx_word' id='word_1_30' title='bbox 234 543 293 569; x_wconf 75' lang='lat' dir='ltr'><strong>zu</strong></span> <span class='ocrx_word' id='word_1_31' title='bbox 326 523 505 587; x_wconf 68' lang='lat' dir='ltr'><strong>Selaiffie</strong></span> <span class='ocrx_word' id='word_1_32' title='bbox 533 526 687 588; x_wconf 67' lang='lat' dir='ltr'><strong>gehen</strong></span> <span class='ocrx_word' id='word_1_33' title='bbox 717 528 962 571; x_wconf 69' lang='lat' dir='ltr'><strong>mii-ssen.“</strong></span> <span class='ocrx_word' id='word_1_34' title='bbox 1026 523 1157 568; x_wconf 86' lang='lat' dir='ltr'><strong>Haec</strong></span> <span class='ocrx_word' id='word_1_35' title='bbox 1189 522 1236 568; x_wconf 88' lang='lat' dir='ltr'>N</span> <span class='ocrx_word' id='word_1_36' title='bbox 1242 524 1483 569; x_wconf 85' lang='lat' dir='ltr'><strong>itzscbius.</strong></span> <span class='ocrx_word' id='word_1_37' title='bbox 1557 526 1655 570; x_wconf 89' lang='lat' dir='ltr'><strong>Sed</strong></span> <span class='ocrx_word' id='word_1_38' title='bbox 1690 535 1935 582; x_wconf 84' lang='lat' dir='ltr'><strong>veremur,</strong></span> <span class='ocrx_word' id='word_1_39' title='bbox 1968 543 2027 571; x_wconf 88' lang='lat' dir='ltr'><strong>ne</strong></span> <span class='ocrx_word' id='word_1_40' title='bbox 2058 526 2231 572; x_wconf 77' lang='lat' dir='ltr'><strong>frustra</strong></span> <span class='ocrx_word' id='word_1_41' title='bbox 2262 546 2343 573; x_wconf 85' lang='lat' dir='ltr'><strong>au-</strong></span> 
     </span>
     <span class='ocr_line' id='line_1_5' title="bbox 234 597 2343 661; baseline 0.001 -17"><span class='ocrx_word' id='word_1_42' title='bbox 234 599 401 645; x_wconf 80' lang='lat' dir='ltr'><strong>xilium</strong></span> <span class='ocrx_word' id='word_1_43' title='bbox 436 599 692 646; x_wconf 81' lang='lat' dir='ltr'><strong>Welckcro</strong></span> <span class='ocrx_word' id='word_1_44' title='bbox 742 598 864 644; x_wconf 80' lang='lat' dir='ltr'><strong>ferre</strong></span> <span class='ocrx_word' id='word_1_45' title='bbox 896 597 1095 660; x_wconf 83' lang='lat' dir='ltr'><strong>ejusque</strong></span> <span class='ocrx_word' id='word_1_46' title='bbox 1127 597 1407 644; x_wconf 87' lang='lat' dir='ltr'><strong>sententiam</strong></span> <span class='ocrx_word' id='word_1_47' title='bbox 1449 616 1590 661; x_wconf 90' lang='lat' dir='ltr'><strong>quam</strong></span> <span class='ocrx_word' id='word_1_48' title='bbox 1624 599 1827 646; x_wconf 83' lang='lat' dir='ltr'><strong>maxime</strong></span> <span class='ocrx_word' id='word_1_49' title='bbox 1859 599 2003 646; x_wconf 90' lang='lat' dir='ltr'><strong>tutari</strong></span> <span class='ocrx_word' id='word_1_50' title='bbox 2036 599 2127 646; x_wconf 88' lang='lat' dir='ltr'><strong>Vir</strong></span> <span class='ocrx_word' id='word_1_51' title='bbox 2156 600 2215 647; x_wconf 86' lang='lat' dir='ltr'><strong>de</strong></span> <span class='ocrx_word' id='word_1_52' title='bbox 2250 599 2343 648; x_wconf 84' lang='lat' dir='ltr'><strong>Ho-</strong></span> 
     </span>
     <span class='ocr_line' id='line_1_6' title="bbox 235 671 2343 737; baseline 0.002 -18"><span class='ocrx_word' id='word_1_53' title='bbox 235 690 366 721; x_wconf 82' lang='lat' dir='ltr'><strong>mero</strong></span> <span class='ocrx_word' id='word_1_54' title='bbox 399 671 721 719; x_wconf 78' lang='lat' dir='ltr'><strong>immortaliter</strong></span> <span class='ocrx_word' id='word_1_55' title='bbox 750 671 947 719; x_wconf 90' lang='lat' dir='ltr'><strong>meritus</strong></span> <span class='ocrx_word' id='word_1_56' title='bbox 978 671 1225 720; x_wconf 80' lang='lat' dir='ltr'><strong>studuerit.</strong></span> <span class='ocrx_word' id='word_1_57' title='bbox 1288 671 1409 718; x_wconf 86' lang='lat' dir='ltr'><strong>Nam</strong></span> <span class='ocrx_word' id='word_1_58' title='bbox 1445 690 1593 737; x_wconf 93' lang='lat' dir='ltr'><strong>quum</strong></span> <span class='ocrx_word' id='word_1_59' title='bbox 1607 672 1769 721; x_wconf 82' lang='lat' dir='ltr'><strong>Verba</strong></span> <span class='ocrx_word' id='word_1_60' title='bbox 1803 674 2028 737; x_wconf 69' lang='grc' dir='ltr'><strong>ἔρχεσθαι</strong></span> <span class='ocrx_word' id='word_1_61' title='bbox 2060 681 2105 721; x_wconf 89' lang='lat' dir='ltr'><strong>et</strong></span> <span class='ocrx_word' id='word_1_62' title='bbox 2135 672 2343 723; x_wconf 72' lang='lat' dir='ltr'><strong>oin-oent-</strong></span> 
     </span>
     <span class='ocr_line' id='line_1_7' title="bbox 232 747 2344 811; baseline -0.001 -16"><span class='ocrx_word' id='word_1_63' title='bbox 232 767 336 808; x_wconf 75' lang='grc' dir='ltr'><strong>χειν</strong></span> <span class='ocrx_word' id='word_1_64' title='bbox 370 747 565 793; x_wconf 88' lang='lat' dir='ltr'><strong>minime</strong></span> <span class='ocrx_word' id='word_1_65' title='bbox 593 747 762 793; x_wconf 87' lang='lat' dir='ltr'><strong>idonea</strong></span> <span class='ocrx_word' id='word_1_66' title='bbox 789 764 905 806; x_wconf 84' lang='lat' dir='ltr'><strong>esse,</strong></span> <span class='ocrx_word' id='word_1_67' title='bbox 938 763 1061 811; x_wconf 88' lang='lat' dir='ltr'><strong>quae</strong></span> <span class='ocrx_word' id='word_1_68' title='bbox 1094 755 1325 810; x_wconf 82' lang='lat' dir='ltr'><strong>speratam</strong></span> <span class='ocrx_word' id='word_1_69' title='bbox 1358 764 1547 810; x_wconf 81' lang='lat' dir='ltr'><strong>operam</strong></span> <span class='ocrx_word' id='word_1_70' title='bbox 1582 756 1839 809; x_wconf 80' lang='lat' dir='ltr'><strong>praestent,</strong></span> <span class='ocrx_word' id='word_1_71' title='bbox 1872 749 2011 795; x_wconf 78' lang='lat' dir='ltr'><strong>facile</strong></span> <span class='ocrx_word' id='word_1_72' title='bbox 2035 749 2344 795; x_wconf 87' lang='lat' dir='ltr'><strong>demonstrari</strong></span> 
     </span>
     <span class='ocr_line' id='line_1_8' title="bbox 231 821 2344 886; baseline 0.002 -20"><span class='ocrx_word' id='word_1_73' title='bbox 231 822 399 883; x_wconf 83' lang='lat' dir='ltr'><strong>possit,</strong></span> <span class='ocrx_word' id='word_1_74' title='bbox 435 840 495 868; x_wconf 91' lang='lat' dir='ltr'><strong>ne</strong></span> <span class='ocrx_word' id='word_1_75' title='bbox 527 822 577 867; x_wconf 88' lang='lat' dir='ltr'><strong>id</strong></span> <span class='ocrx_word' id='word_1_76' title='bbox 610 822 818 884; x_wconf 89' lang='lat' dir='ltr'><strong>quidem,</strong></span> <span class='ocrx_word' id='word_1_77' title='bbox 850 822 978 883; x_wconf 86' lang='lat' dir='ltr'><strong>quod</strong></span> <span class='ocrx_word' id='word_1_78' title='bbox 1009 840 1069 867; x_wconf 87' lang='lat' dir='ltr'><strong>ex</strong></span> <span class='ocrx_word' id='word_1_79' title='bbox 1101 839 1263 867; x_wconf 88' lang='lat' dir='ltr'><strong>eorum</strong></span> <span class='ocrx_word' id='word_1_80' title='bbox 1295 840 1383 868; x_wconf 89' lang='lat' dir='ltr'><strong>usu</strong></span> <span class='ocrx_word' id='word_1_81' title='bbox 1417 821 1745 879; x_wconf 74' lang='lat' dir='ltr'><strong>concluditur,</strong></span> <span class='ocrx_word' id='word_1_82' title='bbox 1778 821 1938 868; x_wconf 88' lang='lat' dir='ltr'><strong>locum</strong></span> <span class='ocrx_word' id='word_1_83' title='bbox 1970 824 2142 870; x_wconf 87' lang='lat' dir='ltr'><strong>babere</strong></span> <span class='ocrx_word' id='word_1_84' title='bbox 2179 832 2344 886; x_wconf 76' lang='lat' dir='ltr'><strong>potest.</strong></span> 
     </span>
     <span class='ocr_line' id='line_1_9' title="bbox 235 894 2342 958; baseline 0 -17"><span class='ocrx_word' id='word_1_85' title='bbox 235 895 521 958; x_wconf 81' lang='lat' dir='ltr'><strong>Quanquam</strong></span> <span class='ocrx_word' id='word_1_86' title='bbox 560 895 686 941; x_wconf 89' lang='lat' dir='ltr'><strong>enim</strong></span> <span class='ocrx_word' id='word_1_87' title='bbox 721 894 1002 942; x_wconf 84' lang='lat' dir='ltr'><strong>vocabulum</strong></span> <span class='ocrx_word' id='word_1_88' title='bbox 1036 896 1262 956; x_wconf 70' lang='grc' dir='ltr'><strong>ἔρχεσθαι</strong></span> <span class='ocrx_word' id='word_1_89' title='bbox 1295 895 1557 942; x_wconf 85' lang='lat' dir='ltr'><strong>sexcenties</strong></span> <span class='ocrx_word' id='word_1_90' title='bbox 1601 903 1879 958; x_wconf 83' lang='lat' dir='ltr'><strong>usurpatum</strong></span> <span class='ocrx_word' id='word_1_91' title='bbox 1922 895 2126 958; x_wconf 78' lang='lat' dir='ltr'><strong>legimus</strong></span> <span class='ocrx_word' id='word_1_92' title='bbox 2170 897 2228 943; x_wconf 93' lang='lat' dir='ltr'><strong>de</strong></span> <span class='ocrx_word' id='word_1_93' title='bbox 2270 897 2342 942; x_wconf 84' lang='lat' dir='ltr'><strong>iti-</strong></span> 
     </span>
     <span class='ocr_line' id='line_1_10' title="bbox 234 968 2342 1032; baseline 0 -18"><span class='ocrx_word' id='word_1_94' title='bbox 234 985 347 1015; x_wconf 84' lang='lat' dir='ltr'><strong>nere</strong></span> <span class='ocrx_word' id='word_1_95' title='bbox 380 968 607 1027; x_wconf 78' lang='lat' dir='ltr'><strong>terrestri,</strong></span> <span class='ocrx_word' id='word_1_96' title='bbox 642 969 845 1016; x_wconf 78' lang='lat' dir='ltr'><strong>maxime</strong></span> <span class='ocrx_word' id='word_1_97' title='bbox 882 969 931 1015; x_wconf 91' lang='lat' dir='ltr'><strong>in</strong></span> <span class='ocrx_word' id='word_1_98' title='bbox 967 969 1132 1025; x_wconf 85' lang='lat' dir='ltr'><strong>Iliade,</strong></span> <span class='ocrx_word' id='word_1_99' title='bbox 1164 986 1261 1016; x_wconf 88' lang='lat' dir='ltr'><strong>nou</strong></span> <span class='ocrx_word' id='word_1_100' title='bbox 1297 970 1466 1017; x_wconf 88' lang='lat' dir='ltr'><strong>desunt</strong></span> <span class='ocrx_word' id='word_1_101' title='bbox 1498 978 1655 1016; x_wconf 88' lang='lat' dir='ltr'><strong>tamen</strong></span> <span class='ocrx_word' id='word_1_102' title='bbox 1689 969 1799 1028; x_wconf 91' lang='lat' dir='ltr'><strong>loci,</strong></span> <span class='ocrx_word' id='word_1_103' title='bbox 1829 968 1876 1014; x_wconf 92' lang='lat' dir='ltr'><strong>in</strong></span> <span class='ocrx_word' id='word_1_104' title='bbox 1907 969 2084 1032; x_wconf 89' lang='lat' dir='ltr'><strong>quibus</strong></span> <span class='ocrx_word' id='word_1_105' title='bbox 2116 968 2255 1015; x_wconf 85' lang='lat' dir='ltr'><strong>etiam</strong></span> <span class='ocrx_word' id='word_1_106' title='bbox 2288 968 2342 1026; x_wconf 84' lang='lat' dir='ltr'><strong>ii,</strong></span> 
     </span>
     <span class='ocr_line' id='line_1_11' title="bbox 235 1042 2345 1106; baseline 0 -19"><span class='ocrx_word' id='word_1_107' title='bbox 235 1043 322 1104; x_wconf 87' lang='lat' dir='ltr'><strong>qui</strong></span> <span class='ocrx_word' id='word_1_108' title='bbox 353 1043 555 1088; x_wconf 86' lang='lat' dir='ltr'><strong>navibus</strong></span> <span class='ocrx_word' id='word_1_109' title='bbox 588 1043 677 1088; x_wconf 88' lang='lat' dir='ltr'><strong>iter</strong></span> <span class='ocrx_word' id='word_1_110' title='bbox 709 1043 904 1100; x_wconf 76' lang='lat' dir='ltr'><strong>faciunt,</strong></span> <span class='ocrx_word' id='word_1_111' title='bbox 936 1045 1162 1104; x_wconf 73' lang='grc' dir='ltr'><strong>ἔρχεσθαι</strong></span> <span class='ocrx_word' id='word_1_112' title='bbox 1196 1045 1434 1092; x_wconf 87' lang='lat' dir='ltr'><strong>dicuntur.</strong></span> <span class='ocrx_word' id='word_1_113' title='bbox 1500 1045 1669 1103; x_wconf 66' lang='lat' dir='ltr'><strong>Quid?</strong></span> <span class='ocrx_word' id='word_1_114' title='bbox 1714 1044 1842 1106; x_wconf 89' lang='lat' dir='ltr'><strong>quod</strong></span> <span class='ocrx_word' id='word_1_115' title='bbox 1872 1052 1984 1088; x_wconf 87' lang='lat' dir='ltr'><strong>sunt</strong></span> <span class='ocrx_word' id='word_1_116' title='bbox 2014 1043 2068 1088; x_wconf 90' lang='lat' dir='ltr'><strong>in</strong></span> <span class='ocrx_word' id='word_1_117' title='bbox 2103 1042 2345 1105; x_wconf 71' lang='lat' dir='ltr'><strong>Odysseae</strong></span> 
     </span>
     <span class='ocr_line' id='line_1_12' title="bbox 235 1115 2343 1180; baseline 0 -22"><span class='ocrx_word' id='word_1_118' title='bbox 235 1115 503 1176; x_wconf 81' lang='lat' dir='ltr'><strong>rhapsodiis</strong></span> <span class='ocrx_word' id='word_1_119' title='bbox 534 1117 686 1178; x_wconf 87' lang='lat' dir='ltr'><strong>prima</strong></span> <span class='ocrx_word' id='word_1_120' title='bbox 719 1126 767 1163; x_wconf 86' lang='lat' dir='ltr'><strong>et</strong></span> <span class='ocrx_word' id='word_1_121' title='bbox 798 1117 1130 1163; x_wconf 86' lang='lat' dir='ltr'><strong>unetvicesima</strong></span> <span class='ocrx_word' id='word_1_122' title='bbox 1171 1118 1330 1175; x_wconf 83' lang='lat' dir='ltr'><strong>verba,</strong></span> <span class='ocrx_word' id='word_1_123' title='bbox 1363 1118 1540 1179; x_wconf 84' lang='lat' dir='ltr'><strong>quibus</strong></span> <span class='ocrx_word' id='word_1_124' title='bbox 1575 1118 1649 1174; x_wconf 86' lang='lat' dir='ltr'><strong>id,</strong></span> <span class='ocrx_word' id='word_1_125' title='bbox 1682 1117 1809 1180; x_wconf 91' lang='lat' dir='ltr'><strong>quod</strong></span> <span class='ocrx_word' id='word_1_126' title='bbox 1843 1117 2183 1173; x_wconf 87' lang='lat' dir='ltr'><strong>contendimus,</strong></span> <span class='ocrx_word' id='word_1_127' title='bbox 2215 1123 2343 1161; x_wconf 83' lang='lat' dir='ltr'><strong>extra</strong></span> 
     </span>
     <span class='ocr_line' id='line_1_13' title="bbox 235 1188 2341 1255; baseline 0 -22"><span class='ocrx_word' id='word_1_128' title='bbox 235 1203 420 1233; x_wconf 88' lang='lat' dir='ltr'><strong>omnem</strong></span> <span class='ocrx_word' id='word_1_129' title='bbox 454 1188 790 1236; x_wconf 89' lang='lat' dir='ltr'><strong>dubitationem</strong></span> <span class='ocrx_word' id='word_1_130' title='bbox 824 1190 1015 1253; x_wconf 89' lang='lat' dir='ltr'><strong>ponitur</strong></span> <span class='ocrx_word' id='word_1_131' title='bbox 1047 1208 1118 1250; x_wconf 90' lang='lat' dir='ltr'><strong>eo,</strong></span> <span class='ocrx_word' id='word_1_132' title='bbox 1154 1192 1283 1255; x_wconf 87' lang='lat' dir='ltr'><strong>quod</strong></span> <span class='ocrx_word' id='word_1_133' title='bbox 1301 1192 1520 1253; x_wconf 83' lang='lat' dir='ltr'><strong>adjuncta</strong></span> <span class='ocrx_word' id='word_1_134' title='bbox 1541 1191 1771 1238; x_wconf 85' lang='lat' dir='ltr'><strong>vocabulo</strong></span> <span class='ocrx_word' id='word_1_135' title='bbox 1783 1192 2009 1253; x_wconf 73' lang='grc' dir='ltr'><strong>ἔρχεσθαι</strong></span> <span class='ocrx_word' id='word_1_136' title='bbox 2023 1189 2163 1236; x_wconf 84' lang='lat' dir='ltr'><strong>verba</strong></span> <span class='ocrx_word' id='word_1_137' title='bbox 2179 1189 2341 1251; x_wconf 73' lang='lat' dir='ltr'><strong>legun·</strong></span> 
     </span>
     <span class='ocr_line' id='line_1_14' title="bbox 235 1260 2344 1329; baseline 0 -23"><span class='ocrx_word' id='word_1_138' title='bbox 235 1263 464 1309; x_wconf 78' lang='lat' dir='ltr'><strong>turbaeez</strong></span> <span class='ocrx_word' id='word_1_139' title='bbox 499 1268 546 1312; x_wconf 80' lang='grc' dir='ltr'><strong>ἐν</strong></span> <span class='ocrx_word' id='word_1_140' title='bbox 576 1269 648 1327; x_wconf 73' lang='grc' dir='ltr'><strong>νηὶ·</strong></span> <span class='ocrx_word' id='word_1_141' title='bbox 670 1264 738 1313; x_wconf 74' lang='grc' dir='ltr'><strong>ἐπ’</strong></span> <span class='ocrx_word' id='word_1_142' title='bbox 771 1263 985 1327; x_wconf 78' lang='grc' dir='ltr'><em>ἠεροειδέα</em></span> <span class='ocrx_word' id='word_1_143' title='bbox 1009 1260 1182 1315; x_wconf 76' lang='grc' dir='ltr'><strong><em>πόντον·</em></strong></span> <span class='ocrx_word' id='word_1_144' title='bbox 1216 1267 1315 1313; x_wconf 71' lang='lat' dir='ltr'><strong>vele</strong></span> <span class='ocrx_word' id='word_1_145' title='bbox 1347 1262 1599 1325; x_wconf 66' lang='grc' dir='ltr'><em>μελαινάων</em></span> <span class='ocrx_word' id='word_1_146' title='bbox 1625 1270 1700 1315; x_wconf 75' lang='grc' dir='ltr'><strong>ἐπὶ</strong></span> <span class='ocrx_word' id='word_1_147' title='bbox 1723 1268 1857 1329; x_wconf 65' lang='grc' dir='ltr'><em>νηῶν·</em></span> <span class='ocrx_word' id='word_1_148' title='bbox 1893 1265 2009 1312; x_wconf 89' lang='lat' dir='ltr'><strong>etin</strong></span> <span class='ocrx_word' id='word_1_149' title='bbox 2033 1264 2140 1311; x_wconf 91' lang='lat' dir='ltr'><strong>aliis</strong></span> <span class='ocrx_word' id='word_1_150' title='bbox 2152 1279 2344 1327; x_wconf 89' lang='lat' dir='ltr'><strong>quoque</strong></span> 
     </span>
     <span class='ocr_line' id='line_1_15' title="bbox 237 1336 2344 1399; baseline 0 -18"><span class='ocrx_word' id='word_1_151' title='bbox 237 1336 478 1399; x_wconf 76' lang='lat' dir='ltr'><strong>Odysseae</strong></span> <span class='ocrx_word' id='word_1_152' title='bbox 502 1339 638 1385; x_wconf 91' lang='lat' dir='ltr'><strong>libris</strong></span> <span class='ocrx_word' id='word_1_153' title='bbox 670 1349 925 1387; x_wconf 89' lang='lat' dir='ltr'><strong>occurrunt</strong></span> <span class='ocrx_word' id='word_1_154' title='bbox 955 1341 1065 1398; x_wconf 88' lang='lat' dir='ltr'><strong>loci,</strong></span> <span class='ocrx_word' id='word_1_155' title='bbox 1103 1341 1186 1387; x_wconf 90' lang='lat' dir='ltr'><strong>ubi</strong></span> <span class='ocrx_word' id='word_1_156' title='bbox 1223 1341 1303 1390; x_wconf 81' lang='lat' dir='ltr'><strong>illa</strong></span> <span class='ocrx_word' id='word_1_157' title='bbox 1341 1342 1558 1387; x_wconf 78' lang='lat' dir='ltr'><strong>vocabuli</strong></span> <span class='ocrx_word' id='word_1_158' title='bbox 1593 1342 1664 1387; x_wconf 85' lang='lat' dir='ltr'><strong>vis</strong></span> <span class='ocrx_word' id='word_1_159' title='bbox 1695 1358 1752 1387; x_wconf 82' lang='lat' dir='ltr'><strong>ex</strong></span> <span class='ocrx_word' id='word_1_160' title='bbox 1784 1340 2043 1387; x_wconf 88' lang='lat' dir='ltr'><strong>sententiae</strong></span> <span class='ocrx_word' id='word_1_161' title='bbox 2081 1355 2206 1385; x_wconf 85' lang='lat' dir='ltr'><strong>nexu</strong></span> <span class='ocrx_word' id='word_1_162' title='bbox 2237 1338 2344 1383; x_wconf 89' lang='lat' dir='ltr'><strong>luce</strong></span> 
     </span>
     <span class='ocr_line' id='line_1_16' title="bbox 234 1408 2343 1479; baseline 0.001 -23"><span class='ocrx_word' id='word_1_163' title='bbox 234 1411 409 1458; x_wconf 88' lang='lat' dir='ltr'><strong>clarius</strong></span> <span class='ocrx_word' id='word_1_164' title='bbox 441 1423 651 1476; x_wconf 85' lang='lat' dir='ltr'><strong>apparet,</strong></span> <span class='ocrx_word' id='word_1_165' title='bbox 681 1415 830 1461; x_wconf 79' lang='lat' dir='ltr'><strong>veluti</strong></span> <span class='ocrx_word' id='word_1_166' title='bbox 863 1416 913 1460; x_wconf 92' lang='lat' dir='ltr'><strong>in</strong></span> <span class='ocrx_word' id='word_1_167' title='bbox 944 1417 1105 1461; x_wconf 90' lang='lat' dir='ltr'><strong>eadem</strong></span> <span class='ocrx_word' id='word_1_168' title='bbox 1139 1416 1220 1461; x_wconf 90' lang='lat' dir='ltr'><strong>illa</strong></span> <span class='ocrx_word' id='word_1_169' title='bbox 1255 1416 1506 1479; x_wconf 73' lang='lat' dir='ltr'><strong>rliapsodia</strong></span> <span class='ocrx_word' id='word_1_170' title='bbox 1540 1416 1689 1477; x_wconf 86' lang='lat' dir='ltr'><strong>prima</strong></span> <span class='ocrx_word' id='word_1_171' title='bbox 1717 1415 1898 1474; x_wconf 73' lang='lat' dir='ltr'><strong>v.408.,</strong></span> <span class='ocrx_word' id='word_1_172' title='bbox 1927 1414 2010 1461; x_wconf 89' lang='lat' dir='ltr'><strong>ubi</strong></span> <span class='ocrx_word' id='word_1_173' title='bbox 2043 1413 2226 1475; x_wconf 73' lang='grc' dir='ltr'><strong><em>α’·γγιλίη</em></strong></span> <span class='ocrx_word' id='word_1_174' title='bbox 2256 1408 2343 1460; x_wconf 75' lang='grc' dir='ltr'><strong>ποῖ·</strong></span> 
     </span>
     <span class='ocr_line' id='line_1_17' title="bbox 235 1486 2343 1552; baseline -0.001 -19"><span class='ocrx_word' id='word_1_175' title='bbox 235 1503 335 1547; x_wconf 71' lang='grc' dir='ltr'><strong>τρος</strong></span> <span class='ocrx_word' id='word_1_176' title='bbox 364 1490 618 1548; x_wconf 69' lang='grc' dir='ltr'><strong><em>ἐρχομένοιο</em></strong></span> <span class='ocrx_word' id='word_1_177' title='bbox 650 1489 772 1536; x_wconf 85' lang='lat' dir='ltr'><strong>nibil</strong></span> <span class='ocrx_word' id='word_1_178' title='bbox 800 1489 931 1535; x_wconf 88' lang='lat' dir='ltr'><strong>aliud</strong></span> <span class='ocrx_word' id='word_1_179' title='bbox 963 1490 1233 1551; x_wconf 76' lang='lat' dir='ltr'><strong>significare</strong></span> <span class='ocrx_word' id='word_1_180' title='bbox 1268 1499 1436 1552; x_wconf 82' lang='lat' dir='ltr'><strong>potest,</strong></span> <span class='ocrx_word' id='word_1_181' title='bbox 1469 1489 1560 1534; x_wconf 90' lang='lat' dir='ltr'><strong>nisi</strong></span> <span class='ocrx_word' id='word_1_182' title='bbox 1606 1489 1822 1536; x_wconf 87' lang='lat' dir='ltr'><strong>nuntium</strong></span> <span class='ocrx_word' id='word_1_183' title='bbox 1870 1490 1928 1536; x_wconf 91' lang='lat' dir='ltr'><strong>de</strong></span> <span class='ocrx_word' id='word_1_184' title='bbox 1962 1497 2094 1551; x_wconf 89' lang='lat' dir='ltr'><strong>patre</strong></span> <span class='ocrx_word' id='word_1_185' title='bbox 2125 1486 2233 1534; x_wconf 89' lang='lat' dir='ltr'><strong>navi</strong></span> <span class='ocrx_word' id='word_1_186' title='bbox 2263 1486 2343 1533; x_wconf 91' lang='lat' dir='ltr'><strong>ad-</strong></span> 
     </span>
     <span class='ocr_line' id='line_1_18' title="bbox 236 1560 2342 1627; baseline -0.001 -21"><span class='ocrx_word' id='word_1_187' title='bbox 236 1567 480 1622; x_wconf 63' lang='lat' dir='ltr'><strong>ventante,</strong></span> <span class='ocrx_word' id='word_1_188' title='bbox 508 1579 651 1626; x_wconf 87' lang='lat' dir='ltr'><strong>porro</strong></span> <span class='ocrx_word' id='word_1_189' title='bbox 685 1563 735 1609; x_wconf 92' lang='lat' dir='ltr'><strong>in</strong></span> <span class='ocrx_word' id='word_1_190' title='bbox 766 1563 1045 1627; x_wconf 73' lang='lat' dir='ltr'><strong>rlnapsodiae</strong></span> <span class='ocrx_word' id='word_1_191' title='bbox 1079 1563 1287 1612; x_wconf 76' lang='lat' dir='ltr'><strong>decimae</strong></span> <span class='ocrx_word' id='word_1_192' title='bbox 1321 1580 1457 1611; x_wconf 88' lang='lat' dir='ltr'><strong>versu</strong></span> <span class='ocrx_word' id='word_1_193' title='bbox 1492 1563 1624 1621; x_wconf 59' lang='lat'><strong>⁵63„</strong></span> <span class='ocrx_word' id='word_1_194' title='bbox 1658 1563 1707 1608; x_wconf 93' lang='lat' dir='ltr'><strong>in</strong></span> <span class='ocrx_word' id='word_1_195' title='bbox 1741 1579 1836 1624; x_wconf 85' lang='lat' dir='ltr'><strong>quo</strong></span> <span class='ocrx_word' id='word_1_196' title='bbox 1869 1578 2016 1626; x_wconf 86' lang='lat' dir='ltr'><strong>quum</strong></span> <span class='ocrx_word' id='word_1_197' title='bbox 2048 1560 2200 1607; x_wconf 90' lang='lat' dir='ltr'><strong>socios</strong></span> <span class='ocrx_word' id='word_1_198' title='bbox 2232 1574 2342 1605; x_wconf 87' lang='lat' dir='ltr'><strong>suos</strong></span> 
     </span>
    </p>
   </div>
   <div class='ocr_carea' id='block_1_3' title="bbox 234 1632 2343 1770">
    <p class='ocr_par' dir='ltr' id='par_1_3' title="bbox 234 1632 2343 1770">
     <span class='ocr_line' id='line_1_19' title="bbox 234 1632 2342 1699; baseline 0.001 -22"><span class='ocrx_word' id='word_1_199' title='bbox 234 1634 313 1679; x_wconf 82' lang='lat' dir='ltr'><strong>his</strong></span> <span class='ocrx_word' id='word_1_200' title='bbox 350 1635 514 1681; x_wconf 83' lang='lat' dir='ltr'><strong>Ulixes</strong></span> <span class='ocrx_word' id='word_1_201' title='bbox 547 1636 702 1682; x_wconf 86' lang='lat' dir='ltr'><strong>verbis</strong></span> <span class='ocrx_word' id='word_1_202' title='bbox 734 1637 1027 1699; x_wconf 83' lang='lat' dir='ltr'><strong>alloquitur:</strong></span> <span class='ocrx_word' id='word_1_203' title='bbox 1065 1632 1229 1696; x_wconf 70' lang='grc' dir='ltr'><strong>Φᾶσθε</strong></span> <span class='ocrx_word' id='word_1_204' title='bbox 1260 1636 1312 1686; x_wconf 74' lang='grc' dir='ltr'><strong>νύ</strong></span> <span class='ocrx_word' id='word_1_205' title='bbox 1344 1657 1427 1685; x_wconf 81' lang='grc' dir='ltr'><strong>που</strong></span> <span class='ocrx_word' id='word_1_206' title='bbox 1459 1636 1622 1683; x_wconf 72' lang='grc' dir='ltr'><em>οἶκόνδε</em></span> <span class='ocrx_word' id='word_1_207' title='bbox 1654 1642 1790 1695; x_wconf 78' lang='grc' dir='ltr'><em>Φίλην</em></span> <span class='ocrx_word' id='word_1_208' title='bbox 1821 1642 1867 1688; x_wconf 70' lang='grc' dir='ltr'><strong>ἐς</strong></span> <span class='ocrx_word' id='word_1_209' title='bbox 1898 1636 2086 1693; x_wconf 72' lang='grc' dir='ltr'><strong>πατρίδα</strong></span> <span class='ocrx_word' id='word_1_210' title='bbox 2114 1643 2243 1689; x_wconf 59' lang='lat' dir='ltr'><strong>vatim</strong></span> <span class='ocrx_word' id='word_1_211' title='bbox 2276 1637 2342 1692; x_wconf 80' lang='grc' dir='ltr'><strong>ἔρ·</strong></span> 
     </span>
     <span class='ocr_line' id='line_1_20' title="bbox 235 1707 2343 1770; baseline -0.002 -16"><span class='ocrx_word' id='word_1_212' title='bbox 235 1709 442 1768; x_wconf 73' lang='grc' dir='ltr'><strong>χεσθαι·</strong></span> <span class='ocrx_word' id='word_1_213' title='bbox 471 1712 565 1753; x_wconf 85' lang='lat' dir='ltr'><strong>hoe</strong></span> <span class='ocrx_word' id='word_1_214' title='bbox 595 1710 761 1769; x_wconf 86' lang='lat' dir='ltr'><strong>utique</strong></span> <span class='ocrx_word' id='word_1_215' title='bbox 792 1710 950 1752; x_wconf 87' lang='lat' dir='ltr'><strong>dicere</strong></span> <span class='ocrx_word' id='word_1_216' title='bbox 982 1710 1110 1752; x_wconf 80' lang='lat' dir='ltr'><strong>vult=</strong></span> <span class='ocrx_word' id='word_1_217' title='bbox 1173 1720 1357 1770; x_wconf 79' lang='lat' dir='ltr'><strong>sperate</strong></span> <span class='ocrx_word' id='word_1_218' title='bbox 1390 1711 1493 1753; x_wconf 84' lang='lat' dir='ltr'><strong>sine</strong></span> <span class='ocrx_word' id='word_1_219' title='bbox 1526 1708 1691 1763; x_wconf 86' lang='lat' dir='ltr'><strong>dubio,</strong></span> <span class='ocrx_word' id='word_1_220' title='bbox 1725 1708 1916 1751; x_wconf 87' lang='lat' dir='ltr'><strong>domum</strong></span> <span class='ocrx_word' id='word_1_221' title='bbox 1945 1723 2030 1752; x_wconf 85' lang='lat' dir='ltr'><strong>vos</strong></span> <span class='ocrx_word' id='word_1_222' title='bbox 2062 1714 2185 1751; x_wconf 87' lang='lat' dir='ltr'><strong>retro</strong></span> <span class='ocrx_word' id='word_1_223' title='bbox 2216 1707 2343 1750; x_wconf 86' lang='lat' dir='ltr'><strong>navi-</strong></span> 
     </span>
    </p>
   </div>
   <div class='ocr_carea' id='block_1_4' title="bbox 234 1777 2347 2733">
    <p class='ocr_par' dir='ltr' id='par_1_4' title="bbox 234 1777 2344 1991">
     <span class='ocr_line' id='line_1_21' title="bbox 236 1777 2343 1845; baseline -0 -19"><span class='ocrx_word' id='word_1_224' title='bbox 236 1788 430 1842; x_wconf 82' lang='lat' dir='ltr'><strong>gaturos</strong></span> <span class='ocrx_word' id='word_1_225' title='bbox 462 1799 564 1828; x_wconf 91' lang='lat' dir='ltr'><strong>esse</strong></span> <span class='ocrx_word' id='word_1_226' title='bbox 596 1781 647 1827; x_wconf 89' lang='lat' dir='ltr'><strong>in</strong></span> <span class='ocrx_word' id='word_1_227' title='bbox 679 1798 834 1828; x_wconf 88' lang='lat' dir='ltr'><strong>earam</strong></span> <span class='ocrx_word' id='word_1_228' title='bbox 865 1789 1036 1827; x_wconf 90' lang='lat' dir='ltr'><strong>terram</strong></span> <span class='ocrx_word' id='word_1_229' title='bbox 1066 1781 1293 1843; x_wconf 75' lang='lat' dir='ltr'><strong>patriam3</strong></span> <span class='ocrx_word' id='word_1_230' title='bbox 1321 1781 1494 1845; x_wconf 87' lang='lat' dir='ltr'><strong>quibus</strong></span> <span class='ocrx_word' id='word_1_231' title='bbox 1525 1780 1642 1826; x_wconf 91' lang='lat' dir='ltr'><strong>locis</strong></span> <span class='ocrx_word' id='word_1_232' title='bbox 1675 1780 1991 1838; x_wconf 82' lang='lat' dir='ltr'><strong>conferantur,</strong></span> <span class='ocrx_word' id='word_1_233' title='bbox 2021 1795 2213 1842; x_wconf 86' lang='lat' dir='ltr'><strong>quaeso,</strong></span> <span class='ocrx_word' id='word_1_234' title='bbox 2246 1777 2343 1826; x_wconf 84' lang='lat' dir='ltr'><strong>od.</strong></span> 
     </span>
     <span class='ocr_line' id='line_1_22' title="bbox 235 1851 2344 1917; baseline -0.001 -14"><span class='ocrx_word' id='word_1_235' title='bbox 235 1859 291 1914; x_wconf 87' lang='grc' dir='ltr'><strong>β.</strong></span> <span class='ocrx_word' id='word_1_236' title='bbox 325 1873 399 1903; x_wconf 84' lang='lat' dir='ltr'><strong>vv.</strong></span> <span class='ocrx_word' id='word_1_237' title='bbox 430 1855 510 1904; x_wconf 72' lang='grc' dir='ltr'><strong>ΒΟ.</strong></span> <span class='ocrx_word' id='word_1_238' title='bbox 543 1864 590 1902; x_wconf 87' lang='lat' dir='ltr'><strong>et</strong></span> <span class='ocrx_word' id='word_1_239' title='bbox 620 1856 696 1902; x_wconf 88' lang='lat'><strong>42.</strong></span> <span class='ocrx_word' id='word_1_240' title='bbox 728 1860 778 1914; x_wconf 89' lang='grc' dir='ltr'><strong>λ,</strong></span> <span class='ocrx_word' id='word_1_241' title='bbox 810 1855 920 1913; x_wconf 81' lang='grc'>445,</span> <span class='ocrx_word' id='word_1_242' title='bbox 954 1863 1001 1901; x_wconf 92' lang='lat' dir='ltr'><strong>et</strong></span> <span class='ocrx_word' id='word_1_243' title='bbox 1034 1854 1121 1917; x_wconf 89' lang='lat' dir='ltr'><strong>qui</strong></span> <span class='ocrx_word' id='word_1_244' title='bbox 1153 1853 1229 1901; x_wconf 86' lang='lat' dir='ltr'><strong>his</strong></span> <span class='ocrx_word' id='word_1_245' title='bbox 1261 1855 1506 1917; x_wconf 88' lang='lat' dir='ltr'><strong>oppositus</strong></span> <span class='ocrx_word' id='word_1_246' title='bbox 1540 1861 1608 1900; x_wconf 84' lang='lat' dir='ltr'><strong>est</strong></span> <span class='ocrx_word' id='word_1_247' title='bbox 1639 1851 1828 1917; x_wconf 52' lang='lat' dir='ltr'><strong>locusg,</strong></span> <span class='ocrx_word' id='word_1_248' title='bbox 1863 1852 2344 1912; x_wconf 83' lang='lat' dir='ltr'><strong>39.,ubilatiorVer·</strong></span> 
     </span>
     <span class='ocr_line' id='line_1_23' title="bbox 234 1924 1639 1991; baseline 0.001 -17"><span class='ocrx_word' id='word_1_249' title='bbox 234 1928 289 1974; x_wconf 84' lang='lat' dir='ltr'><strong>bi</strong></span> <span class='ocrx_word' id='word_1_250' title='bbox 320 1930 549 1991; x_wconf 70' lang='grc' dir='ltr'><strong>ἔρχεσθαι</strong></span> <span class='ocrx_word' id='word_1_251' title='bbox 579 1929 652 1976; x_wconf 82' lang='lat' dir='ltr'><strong>vis</strong></span> <span class='ocrx_word' id='word_1_252' title='bbox 687 1925 842 1976; x_wconf 85' lang='lat' dir='ltr'><strong>elucet</strong></span> <span class='ocrx_word' id='word_1_253' title='bbox 872 1945 932 1974; x_wconf 85' lang='lat' dir='ltr'><strong>ex</strong></span> <span class='ocrx_word' id='word_1_254' title='bbox 964 1927 1123 1974; x_wconf 89' lang='lat' dir='ltr'><strong>addito</strong></span> <span class='ocrx_word' id='word_1_255' title='bbox 1156 1928 1386 1974; x_wconf 84' lang='lat' dir='ltr'><strong>vocabulo</strong></span> <span class='ocrx_word' id='word_1_256' title='bbox 1419 1924 1639 1976; x_wconf 76' lang='grc' dir='ltr'><strong><em>πόδεσσιν.</em></strong></span> 
     </span>
    </p>

    <p class='ocr_par' dir='ltr' id='par_1_5' title="bbox 236 2000 2347 2733">
     <span class='ocr_line' id='line_1_24' title="bbox 360 2000 2343 2067; baseline -0.002 -17"><span class='ocrx_word' id='word_1_257' title='bbox 360 2003 532 2067; x_wconf 81' lang='lat' dir='ltr'><strong>Neque</strong></span> <span class='ocrx_word' id='word_1_258' title='bbox 565 2003 720 2067; x_wconf 90' lang='lat' dir='ltr'><strong>aptius</strong></span> <span class='ocrx_word' id='word_1_259' title='bbox 750 2002 955 2058; x_wconf 78' lang='lat' dir='ltr'><strong>videtur,</strong></span> <span class='ocrx_word' id='word_1_260' title='bbox 993 2001 1121 2063; x_wconf 85' lang='lat' dir='ltr'><strong>quod</strong></span> <span class='ocrx_word' id='word_1_261' title='bbox 1148 2001 1403 2052; x_wconf 83' lang='lat' dir='ltr'><strong>Welekcri</strong></span> <span class='ocrx_word' id='word_1_262' title='bbox 1435 2001 1711 2048; x_wconf 87' lang='lat' dir='ltr'><strong>sententiam</strong></span> <span class='ocrx_word' id='word_1_263' title='bbox 1743 2000 1980 2059; x_wconf 78' lang='lat' dir='ltr'><strong>defendat,</strong></span> <span class='ocrx_word' id='word_1_264' title='bbox 2013 2000 2211 2047; x_wconf 87' lang='lat' dir='ltr'><strong>alterum</strong></span> <span class='ocrx_word' id='word_1_265' title='bbox 2227 2001 2343 2048; x_wconf 86' lang='lat' dir='ltr'><strong>Ver·</strong></span> 
     </span>
     <span class='ocr_line' id='line_1_25' title="bbox 237 2073 2344 2137; baseline -0.001 -13"><span class='ocrx_word' id='word_1_266' title='bbox 237 2080 351 2124; x_wconf 90' lang='lat' dir='ltr'><strong>bum</strong></span> <span class='ocrx_word' id='word_1_267' title='bbox 384 2077 588 2124; x_wconf 84' lang='lat' dir='ltr'><strong>subsidii</strong></span> <span class='ocrx_word' id='word_1_268' title='bbox 628 2093 794 2123; x_wconf 87' lang='lat' dir='ltr'><strong>caussa</strong></span> <span class='ocrx_word' id='word_1_269' title='bbox 827 2092 854 2122; x_wconf 87' lang='lat' dir='ltr'><strong>a</strong></span> <span class='ocrx_word' id='word_1_270' title='bbox 884 2073 1133 2121; x_wconf 88' lang='lat' dir='ltr'><strong>Nitzscbio</strong></span> <span class='ocrx_word' id='word_1_271' title='bbox 1163 2074 1374 2124; x_wconf 85' lang='lat' dir='ltr'><strong>allatum.</strong></span> <span class='ocrx_word' id='word_1_272' title='bbox 1467 2075 1591 2123; x_wconf 87' lang='lat' dir='ltr'><strong>Nam</strong></span> <span class='ocrx_word' id='word_1_273' title='bbox 1623 2091 1773 2137; x_wconf 89' lang='lat' dir='ltr'><strong>quum</strong></span> <span class='ocrx_word' id='word_1_274' title='bbox 1804 2074 2026 2134; x_wconf 72' lang='grc' dir='ltr'><em>στείχειν,</em></span> <span class='ocrx_word' id='word_1_275' title='bbox 2058 2075 2188 2137; x_wconf 87' lang='lat' dir='ltr'><strong>quod</strong></span> <span class='ocrx_word' id='word_1_276' title='bbox 2220 2076 2344 2121; x_wconf 84' lang='lat' dir='ltr'><strong>baud</strong></span> 
     </span>
     <span class='ocr_line' id='line_1_26' title="bbox 236 2147 2347 2215; baseline -0.001 -16"><span class='ocrx_word' id='word_1_277' title='bbox 236 2170 345 2199; x_wconf 84' lang='lat' dir='ltr'><strong>raro</strong></span> <span class='ocrx_word' id='word_1_278' title='bbox 377 2152 505 2215; x_wconf 88' lang='lat' dir='ltr'><strong>apud</strong></span> <span class='ocrx_word' id='word_1_279' title='bbox 537 2151 801 2198; x_wconf 88' lang='lat' dir='ltr'><strong>Homerum</strong></span> <span class='ocrx_word' id='word_1_280' title='bbox 834 2148 1070 2206; x_wconf 86' lang='lat' dir='ltr'><strong>occurrit,</strong></span> <span class='ocrx_word' id='word_1_281' title='bbox 1104 2165 1201 2199; x_wconf 81' lang='lat' dir='ltr'><strong>non</strong></span> <span class='ocrx_word' id='word_1_282' title='bbox 1234 2147 1282 2194; x_wconf 87' lang='lat' dir='ltr'><strong>id</strong></span> <span class='ocrx_word' id='word_1_283' title='bbox 1315 2149 1480 2196; x_wconf 84' lang='lat' dir='ltr'><strong>habeat</strong></span> <span class='ocrx_word' id='word_1_284' title='bbox 1512 2149 1878 2213; x_wconf 82' lang='lat' dir='ltr'><strong>peculiaritatis,</strong></span> <span class='ocrx_word' id='word_1_285' title='bbox 1909 2156 1962 2195; x_wconf 91' lang='lat' dir='ltr'><strong>ut</strong></span> <span class='ocrx_word' id='word_1_286' title='bbox 1993 2147 2083 2194; x_wconf 90' lang='lat' dir='ltr'><strong>iter</strong></span> <span class='ocrx_word' id='word_1_287' title='bbox 2112 2148 2347 2211; x_wconf 77' lang='lat' dir='ltr'><strong>significet</strong></span> 
     </span>
     <span class='ocr_line' id='line_1_27' title="bbox 238 2221 2344 2287; baseline -0.002 -13"><span class='ocrx_word' id='word_1_288' title='bbox 238 2235 489 2287; x_wconf 78' lang='lat' dir='ltr'><strong>terrestre,</strong></span> <span class='ocrx_word' id='word_1_289' title='bbox 534 2243 596 2273; x_wconf 87' lang='lat' dir='ltr'><strong>ue</strong></span> <span class='ocrx_word' id='word_1_290' title='bbox 627 2224 918 2284; x_wconf 65' lang='grc' dir='ltr'><strong>οἱτοστείχυν</strong></span> <span class='ocrx_word' id='word_1_291' title='bbox 959 2221 1151 2285; x_wconf 88' lang='lat' dir='ltr'><strong>quidem</strong></span> <span class='ocrx_word' id='word_1_292' title='bbox 1193 2223 1314 2268; x_wconf 88' lang='lat' dir='ltr'><strong>hanc</strong></span> <span class='ocrx_word' id='word_1_293' title='bbox 1356 2222 1750 2285; x_wconf 79' lang='lat' dir='ltr'><strong>significationem</strong></span> <span class='ocrx_word' id='word_1_294' title='bbox 1790 2222 1964 2269; x_wconf 80' lang='lat' dir='ltr'><strong>habere</strong></span> <span class='ocrx_word' id='word_1_295' title='bbox 1990 2229 2142 2285; x_wconf 88' lang='lat' dir='ltr'><strong>potest</strong></span> <span class='ocrx_word' id='word_1_296' title='bbox 2174 2222 2344 2286; x_wconf 89' lang='lat' dir='ltr'><strong>prima-</strong></span> 
     </span>
     <span class='ocr_line' id='line_1_28' title="bbox 237 2296 2342 2361; baseline -0.003 -11"><span class='ocrx_word' id='word_1_297' title='bbox 237 2304 375 2361; x_wconf 88' lang='lat' dir='ltr'><strong>riam,</strong></span> <span class='ocrx_word' id='word_1_298' title='bbox 406 2302 490 2349; x_wconf 90' lang='lat' dir='ltr'><strong>scd</strong></span> <span class='ocrx_word' id='word_1_299' title='bbox 521 2303 639 2348; x_wconf 83' lang='lat' dir='ltr'><strong>baec</strong></span> <span class='ocrx_word' id='word_1_300' title='bbox 670 2307 741 2347; x_wconf 89' lang='lat' dir='ltr'><strong>est</strong></span> <span class='ocrx_word' id='word_1_301' title='bbox 771 2297 1023 2360; x_wconf 86' lang='lat' dir='ltr'><strong>utriusque</strong></span> <span class='ocrx_word' id='word_1_302' title='bbox 1055 2296 1211 2345; x_wconf 81' lang='lat' dir='ltr'><strong>Verbi</strong></span> <span class='ocrx_word' id='word_1_303' title='bbox 1240 2296 1330 2354; x_wconf 88' lang='lat' dir='ltr'><strong>vis,</strong></span> <span class='ocrx_word' id='word_1_304' title='bbox 1366 2306 1417 2343; x_wconf 93' lang='lat' dir='ltr'><strong>ut</strong></span> <span class='ocrx_word' id='word_1_305' title='bbox 1448 2297 1536 2344; x_wconf 88' lang='lat' dir='ltr'><strong>iter</strong></span> <span class='ocrx_word' id='word_1_306' title='bbox 1569 2297 1787 2356; x_wconf 81' lang='lat' dir='ltr'><strong>denotet,</strong></span> <span class='ocrx_word' id='word_1_307' title='bbox 1823 2297 1953 2360; x_wconf 90' lang='lat' dir='ltr'><strong>quod</strong></span> <span class='ocrx_word' id='word_1_308' title='bbox 1984 2305 2111 2344; x_wconf 86' lang='lat' dir='ltr'><strong>certo</strong></span> <span class='ocrx_word' id='word_1_309' title='bbox 2141 2297 2342 2359; x_wconf 82' lang='lat' dir='ltr'><strong>quodam</strong></span> 
     </span>
     <span class='ocr_line' id='line_1_29' title="bbox 239 2370 2341 2440; baseline -0.002 -16"><span class='ocrx_word' id='word_1_310' title='bbox 239 2378 406 2425; x_wconf 90' lang='lat' dir='ltr'><strong>ordine</strong></span> <span class='ocrx_word' id='word_1_311' title='bbox 438 2385 581 2440; x_wconf 88' lang='lat' dir='ltr'><strong>atque</strong></span> <span class='ocrx_word' id='word_1_312' title='bbox 613 2372 853 2438; x_wconf 81' lang='lat' dir='ltr'><strong>aequabili</strong></span> <span class='ocrx_word' id='word_1_313' title='bbox 888 2379 1018 2417; x_wconf 90' lang='lat' dir='ltr'><strong>motu</strong></span> <span class='ocrx_word' id='word_1_314' title='bbox 1049 2372 1128 2431; x_wconf 63' lang='lat' dir='ltr'><strong>fit,</strong></span> <span class='ocrx_word' id='word_1_315' title='bbox 1193 2388 1340 2435; x_wconf 87' lang='lat' dir='ltr'><strong>quare</strong></span> <span class='ocrx_word' id='word_1_316' title='bbox 1370 2372 1571 2435; x_wconf 83' lang='lat' dir='ltr'><strong>simplex</strong></span> <span class='ocrx_word' id='word_1_317' title='bbox 1602 2371 1792 2435; x_wconf 87' lang='lat' dir='ltr'><strong>quidem</strong></span> <span class='ocrx_word' id='word_1_318' title='bbox 1826 2371 2041 2419; x_wconf 84' lang='lat' dir='ltr'><strong>Verbum</strong></span> <span class='ocrx_word' id='word_1_319' title='bbox 2072 2370 2341 2434; x_wconf 89' lang='lat' dir='ltr'><strong>saepissime</strong></span> 
     </span>
     <span class='ocr_line' id='line_1_30' title="bbox 240 2446 2342 2514; baseline -0.001 -17"><span class='ocrx_word' id='word_1_320' title='bbox 240 2451 369 2514; x_wconf 84' lang='lat' dir='ltr'><strong>apud</strong></span> <span class='ocrx_word' id='word_1_321' title='bbox 399 2450 661 2496; x_wconf 86' lang='lat' dir='ltr'><strong>Homerum</strong></span> <span class='ocrx_word' id='word_1_322' title='bbox 692 2446 906 2493; x_wconf 81' lang='lat' dir='ltr'><strong>invenies</strong></span> <span class='ocrx_word' id='word_1_323' title='bbox 937 2446 996 2492; x_wconf 87' lang='lat' dir='ltr'><strong>de</strong></span> <span class='ocrx_word' id='word_1_324' title='bbox 1023 2446 1330 2492; x_wconf 89' lang='lat' dir='ltr'><strong>bellatoribus</strong></span> <span class='ocrx_word' id='word_1_325' title='bbox 1362 2446 1411 2491; x_wconf 91' lang='lat' dir='ltr'><strong>in</strong></span> <span class='ocrx_word' id='word_1_326' title='bbox 1444 2446 1624 2492; x_wconf 90' lang='lat' dir='ltr'><strong>bellum</strong></span> <span class='ocrx_word' id='word_1_327' title='bbox 1656 2446 2091 2508; x_wconf 76' lang='lat' dir='ltr'><strong>proficiscentibuS,</strong></span> <span class='ocrx_word' id='word_1_328' title='bbox 2126 2453 2177 2490; x_wconf 86' lang='lat' dir='ltr'><strong>ut</strong></span> <span class='ocrx_word' id='word_1_329' title='bbox 2205 2447 2260 2493; x_wconf 87' lang='lat' dir='ltr'><strong>Il.</strong></span> <span class='ocrx_word' id='word_1_330' title='bbox 2292 2454 2342 2506; x_wconf 89' lang='grc' dir='ltr'><strong>β.</strong></span> 
     </span>
     <span class='ocr_line' id='line_1_31' title="bbox 238 2518 2343 2582; baseline -0.001 -11"><span class='ocrx_word' id='word_1_331' title='bbox 238 2526 345 2572; x_wconf 84' lang='grc'><strong>833.</strong></span> <span class='ocrx_word' id='word_1_332' title='bbox 377 2524 437 2570; x_wconf 81' lang='lat' dir='ltr'><strong>cf.</strong></span> <span class='ocrx_word' id='word_1_333' title='bbox 470 2528 530 2581; x_wconf 81' lang='grc' dir='ltr'><strong>λ,</strong></span> <span class='ocrx_word' id='word_1_334' title='bbox 562 2523 672 2568; x_wconf 80' lang='grc'><strong>331.</strong></span> <span class='ocrx_word' id='word_1_335' title='bbox 703 2541 746 2579; x_wconf 79' lang='grc' dir='ltr'><strong>ι,</strong></span> <span class='ocrx_word' id='word_1_336' title='bbox 777 2521 855 2568; x_wconf 85' lang='grc'><strong>86.</strong></span> <span class='ocrx_word' id='word_1_337' title='bbox 887 2539 953 2579; x_wconf 75' lang='grc' dir='ltr'><strong>π’,</strong></span> <span class='ocrx_word' id='word_1_338' title='bbox 987 2520 1110 2578; x_wconf 83' lang='grc'><strong>258.,</strong></span> <span class='ocrx_word' id='word_1_339' title='bbox 1182 2528 1437 2582; x_wconf 88' lang='lat' dir='ltr'><strong>utrumque</strong></span> <span class='ocrx_word' id='word_1_340' title='bbox 1476 2537 1588 2567; x_wconf 83' lang='lat' dir='ltr'><strong>vero</strong></span> <span class='ocrx_word' id='word_1_341' title='bbox 1620 2527 1877 2582; x_wconf 88' lang='lat' dir='ltr'><strong>usurpatur</strong></span> <span class='ocrx_word' id='word_1_342' title='bbox 1909 2520 1967 2565; x_wconf 90' lang='lat' dir='ltr'><strong>de</strong></span> <span class='ocrx_word' id='word_1_343' title='bbox 1998 2518 2081 2565; x_wconf 86' lang='lat' dir='ltr'><strong>tali</strong></span> <span class='ocrx_word' id='word_1_344' title='bbox 2110 2518 2343 2582; x_wconf 75' lang='lat' dir='ltr'><strong>ingressu,</strong></span> 
     </span>
     <span class='ocr_line' id='line_1_32' title="bbox 239 2591 2344 2660; baseline -0.002 -16"><span class='ocrx_word' id='word_1_345' title='bbox 239 2598 396 2660; x_wconf 89' lang='lat' dir='ltr'><strong>qualis</strong></span> <span class='ocrx_word' id='word_1_346' title='bbox 427 2596 624 2658; x_wconf 74' lang='lat' dir='ltr'><strong>fingitur</strong></span> <span class='ocrx_word' id='word_1_347' title='bbox 654 2595 895 2649; x_wconf 84' lang='lat' dir='ltr'><strong>Deorum,</strong></span> <span class='ocrx_word' id='word_1_348' title='bbox 928 2600 980 2638; x_wconf 89' lang='lat' dir='ltr'><strong>ut</strong></span> <span class='ocrx_word' id='word_1_349' title='bbox 1009 2594 1063 2638; x_wconf 90' lang='lat'><strong>11.</strong></span> <span class='ocrx_word' id='word_1_350' title='bbox 1095 2614 1151 2651; x_wconf 71' lang='lat' dir='ltr'><strong>a,</strong></span> <span class='ocrx_word' id='word_1_351' title='bbox 1186 2594 1290 2641; x_wconf 86' lang='lat'><strong>522.</strong></span> <span class='ocrx_word' id='word_1_352' title='bbox 1327 2594 1418 2641; x_wconf 82' lang='lat' dir='ltr'><strong>Od.</strong></span> <span class='ocrx_word' id='word_1_353' title='bbox 1448 2613 1508 2651; x_wconf 83' lang='grc' dir='ltr'><strong>μ,</strong></span> <span class='ocrx_word' id='word_1_354' title='bbox 1539 2593 1674 2651; x_wconf 84' lang='grc'><strong>243.,</strong></span> <span class='ocrx_word' id='word_1_355' title='bbox 1709 2593 1865 2655; x_wconf 86' lang='lat' dir='ltr'><strong>qualis</strong></span> <span class='ocrx_word' id='word_1_356' title='bbox 1895 2591 2009 2638; x_wconf 88' lang='lat' dir='ltr'><strong>solis</strong></span> <span class='ocrx_word' id='word_1_357' title='bbox 2042 2600 2139 2651; x_wconf 90' lang='lat' dir='ltr'><strong>est,</strong></span> <span class='ocrx_word' id='word_1_358' title='bbox 2172 2593 2264 2643; x_wconf 79' lang='lat' dir='ltr'><strong>od.</strong></span> <span class='ocrx_word' id='word_1_359' title='bbox 2297 2601 2344 2644; x_wconf 83' lang='grc' dir='ltr'><strong>λ.</strong></span> 
     </span>
     <span class='ocr_line' id='line_1_33' title="bbox 242 2664 2343 2733; baseline -0.001 -15"><span class='ocrx_word' id='word_1_360' title='bbox 242 2672 333 2728; x_wconf 83' lang='grc'><strong>17.,</strong></span> <span class='ocrx_word' id='word_1_361' title='bbox 368 2669 574 2733; x_wconf 88' lang='lat' dir='ltr'><strong>denique</strong></span> <span class='ocrx_word' id='word_1_362' title='bbox 587 2668 780 2716; x_wconf 90' lang='lat' dir='ltr'><strong>omnino</strong></span> <span class='ocrx_word' id='word_1_363' title='bbox 814 2666 872 2713; x_wconf 91' lang='lat' dir='ltr'><strong>de</strong></span> <span class='ocrx_word' id='word_1_364' title='bbox 887 2665 1278 2714; x_wconf 87' lang='lat' dir='ltr'><strong>incessuleutoac</strong></span> <span class='ocrx_word' id='word_1_365' title='bbox 1292 2666 1646 2730; x_wconf 87' lang='lat' dir='ltr'><strong>circumspecto,</strong></span> <span class='ocrx_word' id='word_1_366' title='bbox 1659 2675 1709 2714; x_wconf 88' lang='lat' dir='ltr'><strong>ut</strong></span> <span class='ocrx_word' id='word_1_367' title='bbox 1722 2667 1813 2714; x_wconf 82' lang='lat' dir='ltr'><strong>Od.</strong></span> <span class='ocrx_word' id='word_1_368' title='bbox 1845 2685 1889 2727; x_wconf 84' lang='grc' dir='ltr'><strong>ρ,</strong></span> <span class='ocrx_word' id='word_1_369' title='bbox 1921 2664 2049 2725; x_wconf 81' lang='grc'><strong>204.,</strong></span> <span class='ocrx_word' id='word_1_370' title='bbox 2078 2686 2129 2725; x_wconf 80' lang='grc' dir='ltr'><strong>μ,</strong></span> <span class='ocrx_word' id='word_1_371' title='bbox 2159 2665 2343 2727; x_wconf 77' lang='lat'><strong>333.¹⁸)</strong></span> 
     </span>
    </p>
   </div>
   <div class='ocr_carea' id='block_1_5' title="bbox 268 2816 2342 2866">
    <p class='ocr_par' dir='ltr' id='par_1_6' title="bbox 268 2816 2342 2866">
     <span class='ocr_line' id='line_1_34' title="bbox 268 2816 2342 2866; baseline -0.003 -11"><span class='ocrx_word' id='word_1_372' title='bbox 268 2818 332 2863; x_wconf 82' lang='lat'><strong>¹⁸)</strong></span> <span class='ocrx_word' id='word_1_373' title='bbox 357 2817 414 2855; x_wconf 72' lang='lat' dir='ltr'><strong>Ne</strong></span> <span class='ocrx_word' id='word_1_374' title='bbox 441 2818 542 2865; x_wconf 80' lang='lat' dir='ltr'><strong>apud</strong></span> <span class='ocrx_word' id='word_1_375' title='bbox 566 2818 773 2853; x_wconf 77' lang='lat' dir='ltr'><strong>Pindarum</strong></span> <span class='ocrx_word' id='word_1_376' title='bbox 799 2817 948 2865; x_wconf 82' lang='lat' dir='ltr'><strong>quidem</strong></span> <span class='ocrx_word' id='word_1_377' title='bbox 975 2821 1010 2852; x_wconf 90' lang='lat' dir='ltr'><strong>ct</strong></span> <span class='ocrx_word' id='word_1_378' title='bbox 1035 2817 1239 2852; x_wconf 82' lang='lat' dir='ltr'><strong>Hesiodum</strong></span> <span class='ocrx_word' id='word_1_379' title='bbox 1264 2816 1338 2852; x_wconf 79' lang='lat' dir='ltr'><strong>alia</strong></span> <span class='ocrx_word' id='word_1_380' title='bbox 1370 2816 1640 2866; x_wconf 73' lang='lat' dir='ltr'><strong>significatione</strong></span> <span class='ocrx_word' id='word_1_381' title='bbox 1667 2816 1825 2865; x_wconf 78' lang='lat' dir='ltr'><strong>simplex</strong></span> <span class='ocrx_word' id='word_1_382' title='bbox 1838 2816 2005 2853; x_wconf 79' lang='lat' dir='ltr'><strong>Verbum</strong></span> <span class='ocrx_word' id='word_1_383' title='bbox 2031 2817 2208 2857; x_wconf 85' lang='lat' dir='ltr'><strong>occurrit,</strong></span> <span class='ocrx_word' id='word_1_384' title='bbox 2235 2819 2275 2850; x_wconf 78' lang='lat' dir='ltr'><strong>ut</strong></span> <span class='ocrx_word' id='word_1_385' title='bbox 2300 2827 2342 2850; x_wconf 83' lang='lat' dir='ltr'><strong>cx</strong></span> 
     </span>
    </p>
   </div>
   <div class='ocr_carea' id='block_1_6' title="bbox 364 2875 2346 2987">
    <p class='ocr_par' dir='ltr' id='par_1_7' title="bbox 364 2875 2346 2987">
     <span class='ocr_line' id='line_1_35' title="bbox 364 2875 2346 2931; baseline -0.002 -13"><span class='ocrx_word' id='word_1_386' title='bbox 364 2881 421 2918; x_wconf 81' lang='lat' dir='ltr'><strong>bis</strong></span> <span class='ocrx_word' id='word_1_387' title='bbox 445 2881 539 2918; x_wconf 80' lang='lat' dir='ltr'><strong>locis</strong></span> <span class='ocrx_word' id='word_1_388' title='bbox 564 2885 719 2931; x_wconf 83' lang='lat' dir='ltr'><strong>apparet</strong></span> <span class='ocrx_word' id='word_1_389' title='bbox 741 2881 929 2919; x_wconf 81' lang='lat' dir='ltr'><strong>dilucide=</strong></span> <span class='ocrx_word' id='word_1_390' title='bbox 982 2879 1300 2930; x_wconf 47' lang='lat' dir='ltr'><strong>uesica-Theo&amp;</strong></span> <span class='ocrx_word' id='word_1_391' title='bbox 1328 2892 1393 2921; x_wconf 77' lang='lat' dir='ltr'><strong>vv.</strong></span> <span class='ocrx_word' id='word_1_392' title='bbox 1422 2880 1493 2922; x_wconf 81' lang='lat'><strong>10.</strong></span> <span class='ocrx_word' id='word_1_393' title='bbox 1520 2885 1555 2919; x_wconf 76' lang='lat' dir='ltr'><strong>et</strong></span> <span class='ocrx_word' id='word_1_394' title='bbox 1581 2878 1690 2920; x_wconf 67' lang='lat'><strong>2360.</strong></span> <span class='ocrx_word' id='word_1_395' title='bbox 1741 2879 1898 2917; x_wconf 82' lang='lat' dir='ltr'><strong>Pindari</strong></span> <span class='ocrx_word' id='word_1_396' title='bbox 1918 2881 2030 2921; x_wconf 82' lang='lat' dir='ltr'><strong>Nem.</strong></span> <span class='ocrx_word' id='word_1_397' title='bbox 2060 2877 2095 2922; x_wconf 84' lang='lat' dir='ltr'><strong>l,</strong></span> <span class='ocrx_word' id='word_1_398' title='bbox 2122 2876 2197 2922; x_wconf 80' lang='lat'><strong>98,</strong></span> <span class='ocrx_word' id='word_1_399' title='bbox 2225 2875 2267 2922; x_wconf 70' lang='grc' dir='ltr'><strong>ὃ,</strong></span> <span class='ocrx_word' id='word_1_400' title='bbox 2298 2876 2346 2919; x_wconf 82' lang='grc'><strong>6.</strong></span> 
     </span>
     <span class='ocr_line' id='line_1_36' title="bbox 366 2943 1937 2987; baseline 0.003 -8"><span class='ocrx_word' id='word_1_401' title='bbox 366 2943 410 2987; x_wconf 85' lang='grc'><strong>9,</strong></span> <span class='ocrx_word' id='word_1_402' title='bbox 441 2943 516 2983; x_wconf 79' lang='lat'><strong>4⁷.</strong></span> <span class='ocrx_word' id='word_1_403' title='bbox 1931 2966 1937 2971; x_wconf 92' lang='lat'><em>·</em></span> 
     </span>
    </p>
   </div>
  </div>
 </body>
</html>
