2608 3445
1295 180 1378 265 '14

285 352 571 411 absurdius,
605 369 747 417 quam
780 352 845 400 ita
877 350 1041 399 mortis
1074 349 1214 414 quasi
1246 366 1496 415 personam
1527 350 1729 415 tingere,
1760 358 1813 398 ut
1831 352 2071 402 hominem
2086 357 2222 405 senio
2235 357 2392 406 conie-

287 438 413 475 ctum
431 462 446 486 ,
482 428 560 475 cni
594 446 654 475 ne
684 427 805 476 vires
837 426 1029 491 quidem
1063 425 1159 471 sint
1190 425 1468 485 resistendi,
1515 427 1664 474 veluti
1693 427 1816 473 l'erro
1845 426 2087 475 adoriatur
2116 438 2267 493 atque
2289 449 2391 480 cac-

288 503 400 549 ·lat‘?
434 511 486 549 ut
517 511 712 558 taceam,
745 501 874 565 quod
907 515 996 562 ego
1028 498 1219 562 quidem
1254 499 1432 546 nullius
1465 499 1559 547 loci
1590 517 1695 548 sum
1729 517 1922 560 memor,
1950 519 2047 565 quo
2077 502 2224 550 simili
2252 506 2391 552 modo

283 594 406 623 mors
439 585 597 640 partes
629 583 736 639 agat
766 572 1023 622 bellatoris.

407 650 625 698 offendit
657 665 816 713 porro,
851 648 979 713 quod
1017 655 1153 711 poeta
1190 648 1325 708 dicit,
1361 648 1481 705 sore,
1516 654 1568 694 ut
1599 662 1725 694 mors
1758 648 1945 697 Ulixem
1978 650 2280 716 aggrediatur
2313 650 2387 713 γή-

278 748 332 788 ρᾳ
366 726 449 774 ὑπὸ
481 726 656 787 λιπαρῷ
691 722 927 786 α’ρημένον.
991 722 1112 769 Nam
1145 723 1266 786 quid
1298 723 1389 770 sibi
1422 723 1587 770 volunt
1619 724 1738 769 haee
1772 725 1949 771 verba?
1996 726 2044 772 in
2076 726 2148 773 his
2181 727 2296 790 qnid
2327 728 2387 772 si-

277 804 474 861 gnificat
489 799 803 861 Participium
836 799 1068 859 εἰρημένον,
1102 797 1242 857 eujus
1274 815 1588 860 quaecunque
1619 806 1690 844 est
1720 798 1994 859 originatio,
2025 803 2116 847 lnoc
2147 811 2271 848 certe
2304 819 2387 863 pro

277 878 521 937 «explorato
554 872 719 921 haberi
751 880 918 936 potest,
951 870 1129 934 ubique
1159 869 1374 918 locorum
1405 870 1454 917 id
1486 888 1586 919 eam
1619 869 1794 918 habere
1825 871 1948 930 vim,
1982 882 2035 921 ut
2065 874 2387 922 conditionem

276 950 513 1013 significet
545 947 786 995 molestam
819 962 873 993 ac
905 961 1131 1010 pressam,
1165 943 1560 1009 quemadmodum
1599 944 1805 1010 quisque
1857 944 2111 1011 intelliget,
2157 947 2243 1012 qui
2264 965 2385 996 eom·

278 1023 512 1088 paraverit
545 1022 669 1067 inter
699 1036 749 1066 se
783 1019 913 1066 locos
931 1019 1026 1066 Od.
1060 1016 1103 1083 ζ,
1136 1020 1184 1066 2.
1220 1026 1266 1064 et
1296 1037 1352 1077 μ,
1385 1020 1492 1065 281.
1527 1019 1689 1069 Cflll.
1721 1038 1764 1077 κ,
1796 1018 1868 1066 98.
1901 1020 2007 1067 312.
2040 1028 2086 1066 et
2115 1041 2145 1080 a,
2175 1020 2280 1069 ⁴03.
2315 1023 2384 1067 in·

278 1099 537 1161 primisque
571 1115 598 1143 σ
618 1128 632 1152 ,
677 1096 753 1141 53.
774 1127 789 1151 ,
854 1095 936 1139 ubi
969 1095 1126 1156 agitur
1168 1095 1226 1138 de
1259 1109 1369 1137 sene
1402 1095 1642 1139 aerumnis
1675 1109 1929 1156 oppresso,
1992 1103 2038 1139 et
2069 1096 2122 1139 Il.
2156 1114 2215 1152 e,
2263 1097 2385 1151 434„

274 1174 358 1218 ubi
395 1173 567 1219 Peleus
600 1178 994 1216 commemoratur
1023 1163 1160 1230 γήραϊ
1181 1169 1329 1229 λυγρῷ
1362 1166 1590 1229 εἰρημένος.
1684 1170 1752 1214 At
1784 1168 1834 1214 in
1867 1177 2029 1215 nostro
2058 1169 2164 1216 loco
2198 1188 2291 1217 non
2326 1172 2382 1215 de

273 1247 466 1293 molesta
499 1245 576 1292 vel
608 1243 878 1291 calamitosa
908 1250 1146 1290 senectute
1178 1250 1314 1305 poeta
1347 1241 1582 1305 loquitur,
1647 1243 1730 1288 sed
1775 1242 1834 1289 de
1866 1241 2114 1306 splendida
2148 1260 2201 1289 ac
2235 1243 2382 1289 fon-tu·

271 1328 406 1368 nata:
443 1320 554 1366 nu'm
588 1317 736 1382 igitur
767 1316 960 1366 tolerari
993 1317 1070 1365 hic
1103 1315 1354 1380 participii
1389 1330 1502 1363 usus
1538 1316 1729 1380 potest?
1794 1312 1971 1365 Nonne
2001 1332 2143 1382 quam
2178 1317 2379 1364 maxinw.

270 1401 542 1458 repugnant
583 1393 708 1438 inter
746 1408 797 1437 se
832 1391 1189 1455 tranquillitatis
1222 1390 1441 1435 notiones
1474 1400 1519 1435 et
1553 1390 1830 1436 molestiae?
1865 1416 1925 1424 -
1986 1392 2094 1437 Nisi
2123 1392 2379 1437 verendum

273 1470 410 1513 nobis
422 1476 630 1524 esset,ne
653 1468 701 1511 in
723 1467 1042 1529 pugnacitatis
1058 1475 1199 1527 atque
1219 1464 1483 1526 iniquitatis
1506 1465 1827 1527 suspicionem
1854 1466 2216 1523 incurreremus,
2242 1467 2380 1511 etiam

272 1551 434 1587 contra
468 1559 605 1586 usum
640 1539 975 1586 vocabulorum
1010 1534 1302 1600 ἀθηρηλοιγδς
1334 1545 1381 1583 ct
1422 1536 1656 1599 ἅβληχρος
1689 1538 1875 1601 aliquid
1916 1538 2195 1586 diceremus.
2257 1538 2379 1584 Nam

269 1618 386 1660 min-‘a
452 1615 590 1660 nobis
646 1614 832 1659 videtur
886 1612 1188 1673 conjunctio,
1252 1627 1393 1672 quam
1440 1628 1547 1656 cum
1604 1611 1837 1657 vocabulo
1887 1610 2088 1665 θάνατος
2148 1615 2237 1658 hoc
2282 1614 2380 1657 Ad-

263 1691 494 1749 {votivum
529 1688 631 1732 init.
698 1686 904 1746 Usmpat
931 1684 1122 1743 quidem
1156 1682 1203 1727 id
1238 1686 1410 1745 passim
1447 1683 1710 1740 Homerus,
1744 1682 1827 1728 sed
1861 1682 1940 1737 ita,
1972 1691 2025 1729 ut
2057 1684 2224 1730 habeat
2256 1685 2375 1730 xitu-

268 1763 571 1826 pcrationem,
604 1758 752 1803 veluti
787 1758 844 1802 ΙΙ.
877 1776 941 1811 ε,
938 1756 1055 1801 337.
1090 1757 1147 1811 θ,
1185 1756 1434 1801 178.1)e
1468 1757 1696 1803 vocabulo
1726 1765 1882 1803 autem
1911 1758 2217 1820 σι’θηρηλοιγός,
2249 1761 2377 1822 quod

267 1837 411 1882 scuni
442 1834 570 1896 apud
602 1840 787 1894 poetam
823 1830 1044 1886 occurrit,
1081 1839 1371 1892 quantopere
1409 1832 1509 1891 jam
1541 1841 1718 1878 veteres
1751 1830 2084 1889 dissenserint,
2118 1833 2253 1879 docet
2281 1833 2374 1878 Eu·

267 1910 486 1956 stamius.
527 1933 584 1943 --·

389 1992 593 2041 Accedit
629 1992 687 2039 ad
721 1993 845 2038 lmnc
879 1992 1110 2038 absonum
1157 1992 1215 2038 ab
1262 1992 1514 2039 Homerica
1560 1990 1746 2037 dicendi
1790 1992 2130 2040 consuetudine
2163 1995 2375 2057 singulo·

268 2089 371 2117 rum
405 2069 659 2115 verborum
689 2083 846 2123 usum,
883 2065 1030 2128 quod,
1064 2065 1149 2128 qui
1183 2083 1374 2126 versus,
1411 2068 1467 2114 ad
1502 2082 1623 2130 quos
1655 2066 1770 2112 haee
1801 2065 2015 2129 quaestio
2048 2076 2254 2129 spectat,
2295 2085 2375 2131 pc-

267 2146 409 2209 pigit,
446 2141 654 2205 imagine
686 2141 850 2197 utitur,
889 2140 1111 2189 seriorem
1145 2148 1338 2187 aetatem
1370 2142 1539 2205 magis,
1564 2157 1705 2204 quam
1737 2140 2036 2186 Homericam
2070 2146 2374 2207 eotniparandi

263 2220 494 2266 rationem
527 2214 783 2262 redolente.
876 2213 978 2259 Aut
1012 2213 1138 2259 enim
1173 2232 1458 2278 magnopere
1490 2231 1596 2260 erro
1632 2221 1712 2259 aut
1742 2230 1836 2260 non
1868 2214 1961 2261 suit
1994 2215 2256 2275 Homerus,
2289 2221 2373 2283 qui

261 2296 327 2341 ita
358 2308 512 2340 remos
545 2287 807 2352 descripsit,
840 2296 892 2334 ut
924 2287 1127 2334 dixer-itt
1161 2287 1221 2336 τοί
1252 2308 1304 2337 τε
1338 2287 1483 2352 πηροὶ
1517 2294 1644 2349 νηυσί
1668 2283 1896 2337 πέλονται.
1911 2290 1974 2352 ²²)
2018 2289 2238 2355 Explicat
2268 2295 2370 2357 qui-

262 2370 369 2414 dem
383 2364 655 2413 Nitzsclnins
688 2364 810 2408 hauc
842 2363 1201 2409 similitudinem
1237 2364 1581 2411 accommodate
1613 2363 1670 2408 ad
1704 2379 1801 2409 rem
1837 2362 2002 2426 ipsam,
2032 2366 2115 2412 scd
2146 2367 2227 2429 qui
2263 2383 2371 2414 con-

261 2439 425 2486 tulcrit
458 2454 564 2483 cum
598 2444 760 2483 nostro
793 2436 896 2482 loeo
930 2436 990 2482 ΙΙ.
1027 2456 1082 2493 τ,
1110 2437 1235 2494 386.,
1268 2438 1349 2483 ubi
1385 2438 1539 2484 ven-bis
1571 2439 1635 2501 τῷ
1676 2436 1941 2499 (Ἀχιλλεῖ)
1986 2434 2090 2487 εὖτε
2122 2439 2268 2504 πτερά
2305 2443 2368 2498 ψ’·

260 2534 366 2571 γνετ
399 2512 528 2571 (scil.
561 2515 734 2571 ἕπεσθ’
773 2511 892 2556 nihil
925 2512 1052 2557 alind
1089 2512 1248 2558 dicere
1279 2522 1413 2576 pocta
1449 2514 1571 2571 vult,
1613 2530 1779 2577 (litania
1845 2530 1972 2559 arma
2005 2512 2079 2559 illi
2107 2531 2366 2577 pennarum

263 2590 496 2635 habebant
530 2587 792 2633 levitatem:
831 2586 885 2641 is,
918 2594 1095 2646 «inanito
1129 2586 1211 2631 illa
1244 2588 1385 2632 verba
1421 2588 1694 2633 discrimine
1729 2587 1787 2633 ab
1822 2589 1910 2633 luae
1944 2587 2145 2650 imagine
2170 2591 2361 2648 distent,

284 2790 347 2833 ²²)
375 2787 443 2823 Cf.
471 2784 671 2823 Anuotatt.
698 2785 747 2822 ad
774 2785 984 2834 odysseam
1013 2785 1107 2824 vol.
1134 2785 1218 2824 111.
1245 2799 1286 2835 p.
1312 2785 1441 2825 ⁹0⁷„
1502 2789 1631 2830 „lVa'e
1666 2787 1727 2824 die
1763 2786 1893 2824 nuder
1933 2788 2077 2841 Flaetyel
2125 2790 2192 2827 der
2222 2791 2366 2839 Scha'ffe

384 2855 553 2900 ‘alenam-1
577 2849 728 2885 wer-‹ler-
754 2850 930 2894 konn!en‚
958 2849 1115 2887 ver-stetu
1139 2864 1226 2886 man
1253 2858 1327 2888 ent
1348 2853 1468 2893 neem,
1495 2866 1606 2889 menn
1631 2865 1721 2887 anan
1747 2851 1817 2887 den
1847 2852 2110 2906 Ruderseltlaq
2137 2854 2209 2902 aus
2234 2854 2364 2890 beiden

381 2914 504 2950 Seite-n
534 2913 634 2948 eines
660 2913 698 2949 F
698 2912 881 2966 aler-:euqs
906 2916 944 2950 ιή
972 2915 1092 2950 seium·
1113 2913 1289 2964 ylee'claeen
1318 2916 1536 2967 Beweyuny
1564 2914 1790 2952 beobaehm.
