2608 3445
1279 229 1316 285 8

224 371 351 418 thius
383 387 484 418 eam
515 368 803 433 probaverit,
839 368 921 416 sed
954 369 1095 416 etiam
1119 368 1349 433 Wolfius,
1374 371 1674 420 Hermanuus
1691 404 1706 431 ,
1728 370 1970 431 Belzkeruu
1992 377 2207 427 unanimi
2228 395 2334 428 con·

225 465 365 493 seusu
398 454 634 493 tueantur.

349 521 485 580 Quae
517 519 665 583 igitur
694 518 846 565 adbuc
878 517 1253 582 disputavimus,
1315 519 1358 565 si
1402 527 1530 567 recte
1562 519 1928 585 disputavimus,
1987 522 2105 571 haec
2133 533 2204 572 est
2236 538 2336 576 ver-

224 613 364 642 suum
401 594 658 642 134—135.
688 592 943 640 sententia:
1005 611 1131 641 mors
1161 601 1314 641 autem
1348 593 1437 641 tibi
1469 594 1564 657 ipsi
1594 596 1755 645 veniet
1784 604 1915 644 extra
1945 614 2073 645 mare
2108 607 2250 663 atque
2285 618 2338 647 ea

224 672 426 734 placida.

347 744 454 793 Tali
484 744 626 792 modo
659 743 699 791 si
733 752 899 808 poetae
931 741 1075 791 verba
1109 742 1420 808 explicamuS,
1455 761 1518 793 ne
1548 744 1797 793 minimum
1829 746 2022 811 quidem
2043 747 2339 813 relinquetur

224 824 356 870 illius
390 820 732 885 ambiguitatis,
767 836 910 883 quam
944 827 995 865 ut
1027 817 1078 864 iu
1110 818 1187 865 his
1219 820 1434 868 versibus
1467 820 1621 868 inesse
1652 827 1915 868 statuerunt
1945 821 2240 887 interpretes,
2274 823 2338 869 ita

226 900 354 955 illis,
432 897 518 959 qui
583 896 798 958 proxime
861 894 1169 953 antecedunt,
1235 895 1425 942 crimini
1488 896 1744 957 dederuut,
1806 911 1927 958 quos
1984 896 2027 942 si
2092 898 2199 961 quis
2259 899 2338 945 ob-

223 989 387 1021 scuros
419 970 623 1035 reperiet
655 977 701 1016 et
733 969 987 1029 involutos,
1019 986 1117 1016 nou
1147 968 1339 1033 singula
1370 970 1513 1018 verba
1546 969 1596 1017 in
1631 969 1771 1036 culpa
1804 978 1930 1032 suut,
1965 986 2074 1018 nam
2107 987 2162 1019 ea
2181 988 2266 1036 per
2291 990 2340 1019 se

224 1052 365 1113 plana
398 1055 526 1105 sunt,
558 1045 641 1091 sed
678 1044 781 1107 ipsa
812 1061 905 1103 ree,
940 1044 1001 1090 ad
1033 1061 1176 1107 quam
1210 1052 1361 1090 totum
1393 1046 1670 1092 vaticinium
1701 1054 1893 1109 spectat.
1954 1045 2077 1092 Nam
2109 1047 2227 1109 quid
2248 1048 2342 1092 sibi

225 1125 327 1169 vult
361 1130 496 1186 poeta
529 1120 612 1166 illa
643 1118 932 1177 monitione,
964 1135 1058 1181 qua
1093 1118 1307 1165 Tiresias
1341 1118 1477 1164 Ulixi
1507 1120 1700 1179 suadet,
1743 1128 1797 1166 ut
1827 1120 1999 1166 iterum
2030 1123 2169 1167 domo
2201 1121 2338 1184 profi-

225 1200 430 1245 ciscatur
453 1196 636 1258 iterque
666 1210 848 1240 remum
879 1193 1091 1239 humeris
1121 1201 1313 1256 portans
1343 1201 1525 1256 pergat,
1558 1193 1709 1241 donec
1740 1194 1909 1241 obvius
1937 1193 2030 1241 sibi
2060 1195 2210 1241 factus
2242 1195 2339 1239 via·

225 1286 300 1320 tor
331 1288 514 1318 remum
545 1269 715 1315 babeat
746 1285 833 1331 pro
866 1267 1164 1315 ventilabro?
1226 1266 1356 1313 Num
1385 1268 1506 1313 forte
1539 1267 1602 1313 ita
1636 1268 1917 1314 constrictus
1950 1268 2104 1314 aliena
2137 1267 2339 1314 auctori-

224 1358 319 1394 tate
355 1347 461 1406 suit,
494 1362 616 1408 quae
646 1361 744 1390 nou
775 1343 888 1390 satis
920 1350 1136 1389 accurate
1165 1342 1435 1407 praeiverit,
1468 1351 1521 1388 ut
1553 1342 1655 1406 ipse
1685 1342 1844 1389 miuus
1878 1352 2091 1391 accurate
2122 1359 2339 1406 sequere-

223 1433 323 1480 tur,
357 1438 480 1485 quae
511 1419 741 1466 sententia
774 1426 845 1466 est
863 1418 1027 1464 Adolfi
1041 1417 1353 1475 Herrmanni,
1384 1433 1558 1479 magno
1590 1425 1727 1479 poeta
1758 1434 1951 1480 prorsus
1984 1417 2212 1481 indigna?
2258 1418 2340 1462 An

226 1501 284 1544 de
317 1494 548 1543 industria
579 1501 708 1540 tanta
741 1491 1377 1540 Tiresiaevvaticinatiouem
1412 1491 1612 1538 involvit
1645 1491 1867 1554 caligine,
1903 1500 1954 1537 ut
1985 1491 2263 1538 Eustathius
2297 1501 2341 1538 et

224 1571 482 1619 Rammius
518 1568 809 1616 voluerunt?
854 1567 981 1614 Sane
1014 1566 1098 1630 qui
1131 1566 1197 1613 ita
1228 1573 1459 1624 statuunt,
1496 1583 1592 1612 non
1622 1565 1763 1612 modo
1796 1565 1919 1612 male
1950 1582 2179 1612 memores
2209 1575 2337 1625 sunt,

227 1648 343 1710 qnid
381 1652 543 1707 poscat
574 1643 730 1705 poesis
764 1641 925 1703 epica,
960 1640 1301 1702 quaeomnium
1319 1640 1475 1700 poesis
1489 1657 1718 1701 generum
1735 1640 1936 1685 maxime
1957 1640 2339 1702 perspicuitatem

227 1724 463 1767 «lictorum
497 1724 543 1762 ct
574 1714 814 1759 actionum
846 1713 1045 1774 requirit
1058 1729 1111 1757 ac
1125 1712 1486 1773 simplicitatem,
1506 1716 1568 1768 ¹⁵]
1601 1712 1682 1756 sed
1696 1711 1834 1756 etiam
1848 1712 2003 1771 gravis
2015 1714 2189 1757 erroris
2202 1731 2339 1776 argu-

225 1807 373 1843 untur
404 1794 462 1840 ab
495 1791 705 1838 Homero
738 1788 872 1852 ipso,
928 1787 1012 1850 qui
1045 1802 1279 1850 nusquam
1313 1784 1553 1843 locorum,
1614 1783 1699 1831 ubi
1732 1783 2098 1847 praedictionem
2132 1787 2339 1851 aliquam

227 1872 303 1918 xci
339 1864 723 1915 vaticinationem
754 1862 914 1919 refert,
979 1860 1043 1906 ita
1074 1860 1276 1906 obscuro
1311 1867 1355 1905 et
1386 1858 1595 1921 captioso
1629 1857 1815 1906 dicendi
1848 1875 2018 1920 genere
2052 1859 2226 1918 utitur,
2292 1872 2341 1907 ut

228 1949 475 1991 css'atorum
508 1954 678 1985 sensus
711 1928 948 1983 neminem
981 1950 1079 1980 non
1112 1934 1281 1996 fugiat.

353 2019 568 2062 Fuerunt
599 2011 878 2072 antiquitus,
936 2018 986 2053 ut
1018 2026 1161 2071 supra
1193 2007 1675 2065 commemoravimus,
1740 2007 1823 2067 qui
1860 2007 1905 2051 id
1939 2016 2172 2068 spectasse
2207 2010 2341 2055 Tire-

229 2095 347 2141 siam
385 2096 646 2146 censerent,
683 2094 735 2132 ut
753 2083 967 2148 Neptuni
998 2083 1178 2131 cultum
1206 2080 1373 2130 Ulixes
1407 2080 1655 2129 induceret
1688 2080 1737 2127 in
1769 2089 1935 2140 terraS,
1967 2081 2050 2128 ubi
2080 2082 2212 2130 nulla
2247 2093 2343 2131 tum

228 2186 360 2216 sacra
394 2167 497 2227 ejus
528 2163 625 2210 Dei
654 2168 903 2208 exstarent.
980 2158 1116 2217 Quae
1159 2157 1323 2221 opinio
1357 2174 1498 2220 quam
1534 2174 1701 2218 parum
1736 2157 2015 2220 respondeat
2049 2167 2214 2220 poetae
2246 2177 2341 2206 vcr-

228 2246 334 2293 his,
392 2240 600 2304 quisque
634 2235 894 2298 intelliget,
957 2234 1040 2296 qui
1073 2233 1268 2296 quidem
1303 2231 1695 2290 consideraverit,
1739 2249 1901 2278 versus
1937 2231 2037 2279 130.
2071 2241 2117 2279 et
2153 2234 2252 2279 131.
2287 2238 2344 2281 :ul

230 2319 421 2366 Ulixem
455 2312 727 2361 referendos
776 2326 905 2368 csse,
964 2325 1062 2356 non
1094 2308 1153 2355 ad
1198 2308 1303 2369 ejus
1346 2306 1584 2370 regioniS,
1648 2323 1743 2369 quo
1787 2307 1825 2353 is
1856 2307 2150 2371 pervenerit,
2217 2309 2341 2355 ineo-

231 2397 316 2440 las.
385 2386 688 2452 Ingeniosior
701 2402 830 2441 sanc,
867 2398 1008 2444 quam
1034 2400 1116 2428 eac
1138 2381 1407 2440 sentcntiae,
1433 2399 1549 2444 quas
1563 2381 1961 2445 modoattigimns,
1998 2381 2076 2426 illa
2091 2381 2343 2429 WVclekeri

232 2479 320 2524 nst,
357 2465 434 2512 cui
466 2460 764 2509 Nitzsebium
800 2457 1006 2503 vidimus
1036 2457 1337 2520 adstipulari3
1400 2456 1481 2503 sed
1517 2473 1569 2502 ea
1602 2473 1794 2519 quoquc
1827 2455 1974 2502 multa
2007 2455 2175 2513 habet,
2223 2476 2344 2521 quae

232 2541 472 2588 offendant
503 2546 565 2595 et,
600 2533 853 2596 quominus
882 2549 969 2577 nos
1002 2548 1102 2578 eam
1134 2532 1487 2594 amplectamur,
1525 2530 1802 2591 impediant.

357 2614 573 2659 vPrimum
608 2608 749 2664 enim,
781 2623 838 2652 ne
873 2622 959 2666 pro
997 2623 1121 2652 ruera
1154 2606 1383 2652 sententia
1419 2604 1635 2650 Tiresiae
1666 2604 1804 2651 verba
1839 2602 2119 2662 habeamus,
2157 2605 2343 2654 obstant

232 2757 927 2778 .....----—-——--—-—-—-

259 2895 322 2939 ¹⁶)
350 2892 416 2928 (ls.
448 2890 593 2926 Godos.
621 2888 859 2923 normannus
888 2885 953 2934 qui
978 2885 1016 2920 in
1047 2882 1225 2921 celebrat.
1263 2881 1328 2919 illa
1351 2882 1618 2920 nissen-tatione
1645 2882 1702 2918 Dc
1723 2881 1880 2919 Pocseos
1904 2879 2116 2920 Generibus
2136 2877 2337 2928 (opuscul.

360 2954 448 2990 Vol.
482 2953 521 2990 1.
549 2965 590 2999 p.
618 2949 726 2996 280.
755 2950 877 2997 Epicu
904 2949 1047 2996 poesis,
1078 2948 1220 2995 iuquit.
1252 2959 1293 2982 co
1320 2948 1550 2983 continetur.
1579 2947 1679 2993 quod
1702 2946 1811 2981 unic·-
1837 2958 1958 2982 rernm
1987 2944 2137 2991 planam
2164 2944 2339 2989 coguitio-

356 3031 440 3054 nem
466 3019 621 3065 spectat.
