2608 3445
1223 207 1294 259 17

206 352 300 401 sibi
312 350 471 409 vellet,
482 349 865 414 probesentiens,
891 355 984 394 tam
1000 354 1128 394 certo
1167 364 1223 395 ac
1253 348 1387 395 firmo
1413 344 1601 409 judicio
1633 361 1708 391 res
1740 344 1863 404 illas,
1885 361 2002 409 quas
2035 354 2303 391 narraturus

207 434 347 487 esset,
381 425 601 489 elegerit,
633 423 909 487 digesserit,
944 421 1255 485 disposuerit,
1284 430 1337 468 ut
1367 439 1527 469 omnes
1560 419 1821 467 carminum
1854 430 2009 483 partes
2039 422 2304 480 arctissime

208 501 333 547 iuter
361 517 412 547 se
446 499 727 560 conjunctae
757 506 899 560 atque
931 496 1198 559 implicatae
1229 496 1349 556 sint,
1378 504 1430 542 nt
1457 496 1530 543 vel
1561 496 1712 559 prima
1745 496 2012 558 rhapsodia‚
2048 499 2192 545 immo
2223 500 2300 545 vel

203 574 343 638 primi
374 574 624 637 utriusque
658 572 878 619 carminis
909 587 1088 631 versus,
1118 588 1214 634 quo
1242 571 1401 618 tendat
1431 578 1595 633 poeta,
1629 570 1934 634 significent3
1981 580 2032 619 ut
2063 572 2102 619 is
2133 590 2160 619 a
2192 590 2298 636 pro-

200 649 356 713 posito
387 664 529 696 cursu
558 662 798 710 nunquam
832 647 1039 707 aberret,
1073 643 1279 708 denique
1311 651 1381 702 ut,
1415 644 1499 689 ubi
1529 644 1589 689 ad
1620 646 1795 690 exitum
1832 646 2082 710 utriusque
2113 663 2297 710 poema·

201 725 262 771 tis
295 725 443 772 lector
474 722 754 786 pervenerit,
788 722 836 768 id
868 722 1038 785 ipsum,
1070 720 1200 785 quod
1227 718 1454 778 evenerit,
1488 736 1539 764 se
1570 729 1859 782 exspectasse
1890 722 1949 766 ab
1976 721 2126 779 initio,
2158 722 2299 766 fatea-

203 808 281 844 tur
312 813 501 842 neeesse
534 796 611 842 sit.
678 796 833 856 Quam
866 814 966 842 rem
999 795 1062 841 ita
1093 803 1145 841 se
1175 795 1364 853 habere,
1396 792 1587 856 egregie
1618 793 1954 842 demonstravit
1984 796 2033 842 in
2059 795 2300 858 Odysseae

198 871 516 934 descriptione
576 872 845 933 (Annotatt.
876 872 937 917 ad
970 871 1063 919 Οὐ.
1093 869 1206 917 Vol.
1250 868 1316 915 ll.
1359 885 1406 932 p.
1448 868 1937 929 XXXu--Lxlv.)
2010 870 2300 928 Nitzschius,

201 946 282 1009 qui
316 946 408 992 alio
441 946 644 1009 quodam
678 946 811 1006 loeo,
844 944 1113 1005 neminem,
1143 943 1237 991 nisi
1281 943 1367 1007 qui
1409 942 1601 1006 majoris
1643 943 1799 1006 operis
1841 943 2206 1007 descriptionem
2249 943 2297 988 in

201 1021 473 1067 uuiversum
504 1020 803 1066 informatam
838 1027 1053 1066 accurate
1083 1018 1273 1083 exigere
1303 1018 1544 1077 voluisset,
1578 1018 1629 1064 in
1662 1017 2110 1081 interpolationibus
2167 1034 2296 1080 repe-

198 1095 375 1142 riendis
407 1095 665 1158 quidquam
699 1095 926 1157 proficere
969 1111 1135 1157 posse,
1198 1110 1284 1140 suo
1324 1093 1436 1154 jure
1480 1092 1659 1140 dixisse
1697 1092 1817 1140 mihi
1858 1093 2051 1155 quidem
2094 1092 2295 1139 videtur.

195 1168 423 1232 Sequitur
449 1178 604 1215 autem
638 1168 921 1228 necessario,
954 1176 1021 1229 ut,
1055 1167 1284 1232 quicquid
1317 1184 1426 1215 cum
1459 1165 1705 1231 utriusque
1750 1167 1971 1214 carminis
2017 1174 2295 1230 argumento

196 1251 335 1306 atque
367 1243 681 1306 descriptione
712 1261 807 1289 non
839 1243 1002 1289 intima
1033 1242 1253 1289 societate
1283 1242 1345 1288 sit
1379 1241 1681 1304 copulatum,
1724 1258 1811 1305 pro
1829 1243 2075 1306 supposito
2119 1241 2295 1287 haben-

195 1318 306 1363 dum
338 1319 401 1364 sit
432 1335 485 1364 ac
517 1334 602 1380 pro
633 1318 822 1364 serioris
854 1317 1015 1363 aetatis
1048 1316 1381 1363 additamento.

320 1392 380 1439 Si
412 1393 521 1455 quis
555 1393 699 1455 igitur
731 1392 976 1455 Odysseae
1011 1391 1188 1454 primos
1216 1391 1470 1455 nonaginta
1504 1390 1716 1454 quinque
1747 1408 1910 1439 versus
1941 1401 2155 1439 accurate
2185 1408 2292 1439 con-

192 1466 466 1514 sideraverit
496 1466 880 1530 perspexeritque
911 1465 1107 1529 repetita
1138 1465 1327 1529 saepius
1341 1464 1560 1512 carminis
1574 1465 1791 1524 lectione,
1822 1483 1915 1529 qua
1927 1475 2040 1526 arte,
2071 1484 2165 1531 qua
2183 1484 2291 1514 con-

190 1540 376 1599 stantia,
411 1557 504 1604 qua
536 1540 766 1603 religione
797 1548 932 1604 poeta
962 1540 1290 1587 adumbratum
1322 1539 1419 1585 illis
1449 1540 1663 1585 versibus
1683 1549 2012 1604 argumentum
2036 1558 2291 1606 persequu-

192 1623 269 1659 tus
301 1615 391 1669 sit,
458 1616 501 1659 ei
537 1633 630 1660 non
667 1617 923 1674 permirum
968 1615 1106 1659 modo
1138 1613 1372 1658 videbitur
1413 1614 1535 1659 illud
1578 1614 1794 1662 Tiresiae
1834 1615 2138 1673 vaticinium,
2204 1617 2289 1663 sed

189 1702 405 1748 magnam
466 1686 660 1732 habebit
721 1686 1116 1745 offensionen=.²⁸)
1210 1685 1292 1730 An
1343 1685 1443 1731 ullo
1493 1696 1599 1732 ante
1650 1687 1755 1733 loeo
1806 1689 2089 1750 significavit
2139 1699 2290 1752 pocta,

188 1760 306 1819 fore,
332 1767 385 1807 ut
413 1760 596 1807 audiret
610 1759 772 1808 Ulixes
804 1758 862 1805 ab
878 1757 1083 1816 Tiresia,
1113 1775 1235 1822 quae
1264 1758 1356 1804 sibi
1389 1759 1735 1824 iustarentpost
1747 1776 1996 1823 procorum
2012 1762 2289 1811 internecio·

189 1850 295 1882 nem
329 1833 379 1879 in
411 1835 675 1880 continenti
707 1834 864 1897 aliqua
897 1840 1018 1878 terra
1051 1832 1144 1877 fata
1176 1848 1231 1877 ac
1260 1832 1481 1879 labores?
1514 1851 1671 1880 nonne
1700 1834 1790 1879 iter
1819 1835 1878 1879 ad
1911 1835 2288 1884 inferosUlixem

186 1925 243 1953 eo
274 1917 454 1953 tantum
489 1909 687 1954 consilio
718 1908 995 1969 suscepisse,
1029 1915 1081 1952 ut
1109 1907 1168 1952 de
1200 1907 1357 1952 reditu
1390 1925 1479 1954 suo
1509 1927 1536 1953 a
1567 1900 1674 1955 “vate
1703 1909 2004 1969 comperiret,
2037 1910 2176 1956 multi
2194 1911 2288 1957 loci

190 1989 433 2040 testantur,
469 1982 613 2028 veluti
649 1981 741 2029 od.
761 1981 829 2039 X,
864 1981 937 2029 50.
973 1981 1049 2029 89.
1084 1980 1184 2028 161.
1216 1979 1323 2030 488.
1354 1997 1461 2043 sqq.
1494 1980 1602 2029 539.
1635 1998 1742 2045 sqq.
1771 1980 1861 2031 xl.
1891 1982 1937 2032 2.
1968 1984 2109 2046 sqq.'2
2142 1983 2285 2033 Prae-

184 2065 310 2104 terea
341 2056 382 2103 si
413 2056 594 2119 aliquid
623 2056 850 2103 haberent
885 2055 1093 2103 Tiresiae
1138 2054 1280 2101 verba
1321 2055 1399 2102 vel
1441 2055 1503 2101 ad
1544 2056 1767 2102 carminis
1807 2057 2178 2121 perpetuitatem,
2210 2061 2286 2106 vel

183 2146 269 2193 per
298 2145 350 2178 sc
381 2130 484 2194 ipsa
516 2130 767 2190 momenti,
810 2147 907 2177 uon
948 2129 1103 2176 minus
1134 2146 1189 2175 ea
1223 2129 1474 2175 iteraturus
1505 2139 1644 2194 poeta
1675 2130 1866 2192 fuisset,
1906 2148 2050 2196 quam
2083 2132 2192 2180 illos
2216 2134 2285 2182 lo-

187 2221 284 2265 cos,
315 2205 400 2269 qui
431 2221 643 2253 caussam
675 2214 721 2252 et
751 2205 1002 2252 eonsilium
1036 2203 1140 2266 ejus
1174 2204 1356 2251 itineris
1387 2205 1621 2269 aperiunt.
1681 2207 1750 2253 At
1779 2223 1890 2254 vero
1923 2215 2104 2254 tautum
2136 2209 2283 2270 abest,

185 2290 239 2326 ut
271 2281 429 2343 aliqua
461 2280 532 2326 vis
565 2281 615 2325 in
648 2281 708 2326 iis
742 2280 899 2327 verbis
932 2279 1044 2325 insit
1073 2280 1150 2326 vel
1181 2279 1419 2342 dignitas,
1453 2290 1521 2339 ut,
1571 2281 1653 2326 nbi
1683 2281 1896 2343 legentes
1924 2281 1986 2327 ad
2017 2291 2281 2332 extremum

184 2354 405 2401 carminis
440 2354 765 2418 pervenerint,
818 2353 1040 2402 excidere
1081 2353 1175 2401 sibi
1206 2354 1288 2401 illa
1318 2354 1493 2419 potius,
1558 2372 1697 2419 quam
1730 2358 1923 2404 haerere
1953 2356 2137 2417 malint,
2200 2377 2280 2418 ne,

183 2446 324 2491 quam
355 2429 477 2475 illud
512 2438 770 2476 extremum
802 2430 977 2475 habere
1009 2429 1151 2476 debet
1180 2430 1520 2493 tranquillandi
1551 2431 1645 2476 vim
1677 2446 1733 2477 ac
1762 2438 2053 2492 potestatem,
2090 2450 2144 2479 ea
2176 2451 2280 2497 pcr-

182 2502 332 2549 ditum
364 2511 439 2549 eat
468 2503 544 2551 vel
572 2511 697 2550 certe
730 2502 1048 2550 imminuatur.

301 2650 484 2704 qemlet
501 2652 617 2696 scien,
644 2651 730 2690 dass
745 2649 860 2706 jeder
879 2651 949 2703 Ιᾶι·
968 2649 1051 2689 siclt
1075 2651 1135 2688 ein
1163 2648 1318 2689 Ganzes
1343 2649 1552 2689 cathetum
1577 2649 1711 2688 Ιεόιιιιεε
1730 2654 1761 2671 “
1798 2648 1864 2692 Cf.
1879 2649 2092 2689 Nitzscbius
2118 2655 2164 2691 dc
2176 2655 2276 2698 uisi.

299 2716 417 2752 Hom.
442 2716 629 2757 Fascicul.
657 2721 756 2766 post.
780 2717 909 2753 Puer.
938 2716 1151 2755 x-xlx.

203 2777 266 2825 ²⁸)
296 2778 405 2827 Quae
428 2792 502 2823 res,
527 2780 579 2816 ita
600 2782 646 2818 de
672 2781 742 2817 hac
768 2780 1028 2818 vaticinatione
1053 2784 1094 2815 ut
1111 2780 1337 2829 judicemus,
1362 2778 1464 2823 facit,
1493 2780 1620 2815 eadem
1644 2778 1823 2822 refutare,
1850 2791 1945 2826 quae
1969 2781 2016 2817 de
2041 2786 2165 2832 procis
2190 2798 2275 2834 pro-

298 2852 384 2891 tulit
407 2854 589 2898 Lauerna,
617 2868 685 2893 nos
711 2857 829 2904 cogit.
880 2853 965 2902 (Cf.
989 2851 1281 2904 supranomss.)
1342 2851 1442 2890 Nam
1467 2855 1547 2894 vid.
1575 2853 1654 2891 od.
1688 2860 1737 2900 a,
1764 2866 1823 2892 vv.
1851 2852 2044 2896 90-92.
2071 2859 2119 2898 cr,
2141 2857 2274 2896 165-

301 2915 401 2954 165.
428 2915 676 2956 227-250.
705 2917 916 2958 245-51.
942 2918 1115 2969 inprimis
1138 2930 1199 2958 vv.
1223 2914 1472 2960 265-270.
1949 2966 1978 3012 3
