2608 3445
1288 191 1323 242 6

255 339 307 378 ut
338 329 552 394 ejusdem
583 331 842 397 poetae-sit
862 329 1079 378 “Tiresiae
1112 328 1401 389 mandatum,
1432 329 1517 394 qui
1551 328 1764 378 fabulam
1799 328 1858 378 de
1878 329 2020 379 Ulixe
2051 331 2250 397 patriam
2283 348 2363 395 ap-

254 413 441 469 petente
472 407 821 471 composuerit,
858 414 909 451 ut
939 422 992 450 ea
1026 405 1344 450 tantummodo
1372 405 1583 469 potuerit
1612 414 1760 452 aetate
1793 406 1995 466 exoriri,
2043 425 2166 471 qua,
2213 422 2364 470 quum

255 480 338 526 illa
370 480 429 528 de
460 481 707 543 Telegono
739 481 898 528 fabula
919 485 959 537 ⁹)
1003 479 1301 526 *conformata
1335 480 1530 542 fuisset,
1574 483 1696 528 hanc
1724 481 1950 546 rhapsodi
1980 483 2220 529 studerent
2253 497 2361 527 cum

260 553 417 603 Ulixis
448 556 690 604 erroribus
722 556 1030 617 conjungere.
1051 557 1113 613 ¹⁰)

1249 729 1355 778 11.

376 854 597 902 Vidimus
630 873 789 921 supra,
826 875 947 922 qnae
983 857 1041 903 de
1073 857 1195 917 loeo,
1230 874 1371 921 quem
1406 857 1456 904 in
1496 855 1822 920 quaestionem
1856 871 2024 902 vocare
2055 855 2225 920 placet,
2260 872 2363 901 sen-

251 930 399 977 serint
429 949 577 994 quum
609 940 784 979 veteres
817 942 914 979 tum
946 932 1230 979 recentiores
1260 931 1463 979 Homeri
1500 931 1801 994 interpretes3
1831 948 1976 987 nunc,
2002 931 2130 993 quod
2152 940 2363 977 nostrum

252 1004 313 1049 sit
346 1005 404 1051 de
434 1006 493 1052 iis
525 1007 767 1052 sententiis
792 1006 1047 1069 judicium,
1082 1007 1389 1072 aperiendum
1402 1015 1484 1055 est.
1519 1007 1594 1052 Ac
1608 1007 1808 1070 primum
1825 1006 2035 1070 quidem,
2068 1014 2133 1065 ut,
2166 1006 2362 1070 quiddi-

253 1097 358 1127 cere
389 1082 592 1128 voluerit
628 1082 727 1128 sive
760 1083 996 1128 Homerus
1031 1083 1130 1130 sive
1161 1084 1282 1129 alius
1312 1083 1423 1145 quis
1455 1099 1707 1140 versuum,
1773 1082 1950 1144 quibus
1984 1082 2041 1126 de
2073 1081 2154 1127 hie
2185 1082 2359 1143 agitur,

253 1163 440 1214 auctor,
492 1156 789 1202 manifestum
823 1158 929 1215 liat,
997 1158 1262 1204 dirimenda
1294 1158 1484 1204 videtur
1514 1166 1625 1203 ante
1654 1156 1808 1202 omnia
1842 1164 2000 1202 exorta
2034 1156 2114 1201 illa
2142 1156 2244 1216 jam
2280 1172 2362 1199 au-

252 1228 451 1291 tiquitus
484 1230 542 1276 de
574 1231 822 1277 verborum
855 1234 909 1289 ἐξ
937 1229 1048 1287 α’λδς
1077 1233 1219 1279 sensu
1252 1232 1566 1278 controversia
1586 1265 1601 1291 ,
1667 1231 1714 1277 id
1748 1230 1875 1294 quod
1919 1248 2014 1276 non
2059 1230 2152 1275 alia
2183 1230 2362 1276 ration(-

253 1304 353 1349 fieri
377 1306 657 1370 potcstznisi
680 1308 988 1369 pervestigata
1014 1315 1227 1353 accurate
1253 1307 1351 1369 ipsa
1382 1307 1633 1353 Homerica
1661 1306 1852 1351 dicendi
1877 1305 2233 1351 consuetudine.
2277 1304 2363 1349 Est

253 1387 409 1425 autem
444 1397 504 1426 ex
537 1380 595 1426 iis
628 1381 761 1440 locis,
791 1399 911 1444 quos
946 1381 994 1427 in
1026 1399 1216 1428 censum
1251 1400 1417 1429 vocare
1449 1383 1578 1439 lieet,
1613 1383 1762 1427 multo
1795 1380 1945 1441 major
1975 1397 2198 1426 numerus
2229 1380 2357 1433 talis,

255 1463 305 1500 ut
336 1455 385 1501 in
418 1473 580 1503 eorum
612 1465 767 1519 partes
801 1457 1043 1503 discedere
1075 1475 1316 1521 cogamur,
1348 1457 1431 1521 qui
1462 1459 1516 1514 ἐξ
1545 1454 1654 1510 &Aac
1677 1455 2067 1519 interpretantium
2102 1465 2234 1502 extra
2267 1475 2359 1501 ma-

253 1548 317 1577 ie.
407 1530 527 1578 Nam
573 1531 681 1577 illos
723 1532 764 1577 si
807 1532 1035 1578 exemeris
1081 1533 1237 1590 locos,
1301 1532 1348 1578 in
1382 1533 1555 1595 quibus
1588 1533 1716 1577 hunc
1753 1532 2069 1592 significatum
2103 1532 2275 1575 habere
2310 1538 2359 1576 ἐκ

254 1604 656 1666 praepositionem
689 1606 973 1651 Lexieorum
1009 1606 1270 1650 conditores
1303 1607 1422 1651 falso
1454 1607 1816 1661 contenderunt,
1854 1613 1903 1649 ut
1936 1605 1989 1649 ll.
2030 1625 2079 1663 ar,
2114 1605 2219 1651 678.
2254 1605 2357 1651 781,

253 1696 293 1732 σ,
331 1678 431 1724 ¹52.
465 1684 518 1737 φ,
548 1679 679 1736 217.‚
715 1678 794 1723 ubi
818 1678 1111 1740 praepositio
1147 1687 1422 1740 propterea,
1468 1679 1596 1741 quod
1631 1678 1799 1741 pendet
1833 1695 1857 1723 a
1892 1678 2034 1723 verbo
2067 1679 2230 1741 aliquo
2264 1697 2355 1724 mo-

251 1751 425 1809 vendi,
460 1752 553 1796 vim
585 1768 718 1797 suam
751 1752 892 1797 habet
927 1768 980 1797 ac
1014 1761 1137 1798 tenet
1174 1752 1471 1814 primariam:
1515 1770 1651 1798 nemo
1692 1770 1803 1798 sanc
1837 1752 2096 1808 dubitavit,
2133 1754 2272 1797 verba
2310 1761 2359 1799 ἐκ

250 1830 421 1882 βελέων
456 1826 510 1873 ΙΙ.
542 1828 594 1882 δ,
641 1828 746 1873 465.
776 1828 835 1873 cf.
868 1830 927 1884 ἒ,
967 1827 1064 1872 130.
1097 1846 1159 1884 π,
1190 1827 1297 1874 668.
1330 1832 1380 1873 ἐκ
1414 1830 1583 1874 καπνοῦ
1616 1827 1707 1874 Od.
1741 1847 1801 1884 π’,
1836 1828 1939 1873 288.
1973 1846 2028 1884 τ,
2060 1828 2105 1872 7.
2143 1827 2203 1871 ita
2239 1829 2359 1872 aeci-

252 1918 376 1961 pere,
411 1910 462 1947 ut
494 1900 759 1966 significare
792 1919 843 1948 ea
880 1901 1033 1947 dieat:
1079 1910 1208 1947 extra
1245 1901 1361 1960 tela,
1394 1910 1522 1949 extra
1558 1903 1835 1960 fumum.¹¹)
1901 1901 2115 1959 Quorum
2147 1903 2357 1948 locorum

373 2123 568 2170 postmodo
592 2122 814 2159 videbimus.
841 2122 1014 2159 Ceterum
1036 2124 1116 2172 jam
1128 2122 1361 2161 nachan-dum
1387 2122 1518 2171 Payne
1544 2121 1694 2169 Knight
1706 2134 1744 2159 v.
1761 2121 1996 2159 ¹25—125.
2024 2124 2064 2158 in
2092 2122 2357 2158 dubitationem

372 2197 534 2230 vocasse,
563 2188 738 2234 cognosci
763 2186 850 2222 licet
876 2200 919 2222 cx
945 2187 1003 2223 his
1029 2187 1108 2235 ejus
1134 2186 1257 2223 verbis
1285 2199 1308 2221 a
1334 2187 1483 2223 Lauero
1502 2187 1637 2221 citatis·
1670 2191 1705 2220 ct
1731 2188 1945 2222 commentis
1971 2188 2148 2223 confictos
2174 2200 2252 2222 csse
2278 2193 2312 2222 et
2336 2203 2356 2222 a

375 2249 562 2298 rl›np.;odo
589 2250 737 2286 serioris
762 2251 841 2287 aevi
866 2251 1025 2286 insertos
1051 2250 1290 2286 commissura
1315 2249 1403 2285 satis
1427 2248 1585 2299 probat,
1637 2252 1678 2283 ut
1703 2246 1800 2283 nihil
1825 2249 1947 2285 dicam
1975 2250 2021 2285 de
2047 2249 2269 2297 digammate
2296 2264 2354 2285 ne

374 2325 495 2371 glecto
530 2327 568 2362 in
596 2311 669 2359 τοί
691 2309 868 2368 γ’ἴσασι.
946 2325 1011 2361 Cf.
1040 2326 1088 2360 B.
1119 2323 1358 2360 Thiersehius
1383 2322 1417 2358 1.-
1440 2323 1471 2361 1.
1496 2336 1536 2372 Ρ.
1562 2321 1641 2361 48.

303 2388 339 2426 ⁰)
369 2388 434 2426 Cf.
458 2402 552 2435 quae
577 2402 622 2424 ex
647 2388 842 2423 Eustathio
869 2401 982 2435 supra
1010 2388 1243 2434 protulimus.

281 2452 344 2497 t⁰)
370 2449 592 2493 herbetus,
621 2451 685 2500 qui
711 2451 873 2488 censoris
898 2451 945 2487 de
969 2449 1102 2487 libello
1125 2451 1323 2486 Lauerano
1348 2462 1483 2487 munus
1503 2450 1542 2486 in
1569 2449 1786 2486 Annalibus
1812 2451 1984 2489 Berolin.
2024 2450 2138 2487 ¹844
2168 2453 2242 2492 Nr.
2273 2452 2355 2490 158

377 2513 505 2553 -60.
530 2515 642 2551 nimis
666 2528 788 2553 severe
813 2515 1018 2551 exercuisse
1043 2513 1153 2550 nobis
1177 2515 1345 2557 videtur,
1383 2526 1511 2551 versus
1533 2515 1587 2550 ait
1604 2543 1616 2559 ‚
1656 2516 1720 2562 qni
1756 2515 1802 2550 de
1827 2517 1951 2563 praeis
1976 2521 2012 2553 et
2036 2520 2206 2553 extremis
2232 2520 2355 2555 Ulixis

373 2578 457 2614 ratis
482 2582 607 2625 agant,
633 2578 850 2628 abjudicare
860 2578 1024 2613 Homero
1048 2577 1159 2619 velle,
1187 2575 1281 2612 nibil
1307 2577 1410 2612 aliud
1435 2589 1532 2620 esse,
1556 2578 1842 2613 nisiHomerum
1864 2581 2033 2615 mutilare
2050 2586 2158 2629 atque
2179 2583 2258 2616 sine
2277 2583 2355 2617 ullu

374 2652 503 2678 caussa
527 2640 701 2691 injuriam
728 2641 912 2692 quandam
938 2641 971 2677 ei
995 2640 1151 2679 inferre.
1199 2639 1288 2678 Non
1313 2641 1456 2678 itineris
1481 2642 1613 2677 ducem
1639 2642 1821 2678 Tiresiam
1847 2644 1951 2678 Uixi
1977 2657 2054 2679 esse
2070 2672 2081 2686 ,
2118 2647 2182 2681 sed
2207 2651 2355 2693 provin-

376 2706 471 2741 ciam
497 2706 530 2741 ei
556 2706 760 2752 assignasse
785 2709 932 2755 poetam
954 2704 1075 2740 multo.
1096 2704 1320 2752 digniorem,
1346 2707 1388 2739 ut
1410 2703 1559 2752 sapiens
1585 2703 1692 2741 Ulixi
1718 2709 1816 2742 vates
1842 2711 1948 2750 esset,
1967 2710 2135 2743 uti-erum
2147 2708 2355 2747 futurarum

373 2770 558 2817 interpres
583 2768 693 2804 simul
717 2776 828 2817 atque
853 2770 1028 2806 monitor.
1075 2767 1136 2802 De
1162 2768 1288 2815 procis
1316 2767 1412 2802 nihil
1437 2779 1672 2814 pugnamus:
1700 2770 1746 2803 de
1772 2769 1899 2803 ceteris
1924 2770 2022 2804 iufra
2046 2771 2270 2810 videbimus.

279 2841 343 2890 ¹¹)
370 2841 583 2891 Ambiguus
607 2842 749 2880 videtur
773 2842 877 2880 loeus
902 2843 957 2882 11.
983 2840 1027 2888 (i,
1056 2840 1142 2880 2⁷8
1159 2858 1175 2887 ς
1197 2842 1263 2879 sed
1289 2842 1400 2887 tollit,
1428 2855 1520 2892 qnae
1544 2843 1740 2882 intercedit
1764 2845 1860 2880 iuter
1884 2843 1986 2882 hune
2011 2847 2136 2885 locum
2161 2854 2196 2885 et
2223 2851 2277 2891 ΙΙ.
2305 2859 2353 2888 π.

373 2903 482 2945 668.
505 2905 721 2949 similitudo,
748 2917 895 2945 omnem
920 2906 1202 2946 dubitationem.
