2608 3445
1255 213 1317 264 18

362 353 498 400 Ilaec
535 352 681 417 igitur
714 370 862 418 quum
895 354 957 400 ita
992 355 1116 415 sint,
1147 355 1226 402 vix
1258 355 1569 402 necessarium
1605 370 1705 400 csse
1737 355 1971 419 putamus,
2002 366 2055 413 ut
2088 359 2179 407 alia
2208 361 2339 425 prae.

237 437 361 474 terea
395 445 744 491 proponamus,
780 429 956 491 quibus
990 430 1138 492 magis
1171 431 1304 475 etiam
1343 439 1468 475 certa
1499 437 1643 495 atque
1669 429 1899 475 evidentia
1931 431 2076 488 fiant,
2109 450 2230 495 qnae
2262 435 2340 481 de-

237 504 539 549 monstranda
571 503 873 566 sumpsimus.
941 504 1102 550 Unum
1136 513 1287 550 tacere
1320 505 1553 550 nolumus.
1617 502 1895 560 Sexeenties
1928 505 1976 549 in
2012 505 2210 551 Homeri
2241 525 2339 554 ear·

238 578 445 624 minibus
478 596 629 624 sermo
664 586 733 624 est
765 578 824 623 de
856 577 1002 623 sacris
1039 578 1246 625 Deorum
1282 579 1364 625 uni
1397 577 1540 625 alicui
1573 577 1648 623 vel
1679 577 1895 641 pluribus
1927 579 2089 626 factis:
2121 580 2203 627 sed
2234 597 2338 639 cur,

237 670 442 714 quaeso,
505 670 737 713 nusquam
775 651 822 696 id
858 669 1098 697 sacrorum
1134 672 1284 715 genus
1318 661 1732 709 commemoratur,
1794 652 1929 712 cnjus
1962 654 2010 699 in
2045 661 2203 699 nostro
2234 652 2341 700 loco

237 726 411 773 mentio
446 726 531 775 fit?
597 724 722 771 Num
764 724 870 789 quis
914 725 1104 771 illorum
1151 736 1416 790 poetarum,
1457 726 1542 791 qui
1588 725 1803 790 proxime
1847 726 2106 774 Hunnorum
2140 726 2339 793 scripse·

238 811 362 858 runt,
395 802 540 846 ullam
574 802 717 859 liujus
749 801 968 845 sacrificii
999 801 1165 846 habuit
1197 803 1444 847 notitiam?
1508 801 1653 857 Num,
1687 818 1809 862 quae
1831 803 1889 846 de
1922 804 2018 847 illis
2051 798 2245 863 τριττῦσι
2277 803 2338 847 si-

233 894 290 921 ve
326 875 768 931 Suovetaurilibns,
812 892 932 938 quae
967 875 1194 921 vocabant
1223 876 1457 934 Rotnani,
1516 873 1777 921 afferuntur
1808 874 2016 921 Graecae
2047 874 2340 938 antiquitatis

236 951 521 1005 testimonia,
556 950 678 994 ultra
712 949 1048 1011 Epicharmium
1082 958 1128 995 et
1160 951 1527 1013 Aristophanem
1562 950 1811 995 ascendere
1842 966 1928 995 nos
1959 949 2153 995 sinunt?
2170 953 2236 1008 ²⁹]

359 1025 424 1071 L't
459 1025 607 1086 igitur
638 1023 936 1071 absolvamus
971 1042 1099 1081 rem,
1133 1041 1272 1087 quam
1307 1025 1365 1071 ad
1401 1025 1633 1087 liquidum
1666 1024 1946 1087 perducere,
1977 1032 2206 1087 quantum
2236 1024 2339 1071 fieri

233 1107 406 1161 posset,
438 1098 576 1144 nobis
606 1099 971 1160 proposuimus,
1018 1100 1078 1145 ad
1109 1108 1392 1162 postremam
1441 1099 1579 1159 liujus
1614 1098 1944 1161 disputationis
1977 1107 2151 1161 partem
2183 1099 2338 1161 pergi·

233 1189 354 1228 mus,
392 1171 516 1217 unde
548 1172 781 1234 posterior
814 1172 894 1218 illa
929 1172 1297 1230 vaticinationis,
1338 1189 1478 1236 quani
1513 1171 1723 1218 Tiresias
1754 1172 1880 1230 edit,
1923 1189 2029 1235 pars
2062 1173 2109 1217 in
2144 1172 2336 1218 undeci-

232 1246 639 1308 mum-Odysseae
671 1247 845 1290 librum
878 1247 1085 1304 venerit,
1123 1247 1395 1309 quaesituri.
1492 1247 1545 1290 ln
1581 1263 1671 1308 qua
1709 1264 1758 1291 re
1793 1246 2011 1308 inprimis
2042 1247 2337 1309 respicienda

231 1322 372 1367 nobis
406 1331 475 1366 est
512 1321 742 1366 sententia
774 1322 965 1378 Laucri,
997 1331 1043 1367 et
1072 1340 1247 1385 quain,
1314 1323 1396 1384 qui
1444 1322 1571 1366 illins
1615 1321 1727 1367 Viri
1771 1321 1897 1367 docti
1936 1338 2103 1367 censor
2141 1321 2335 1379 exstitit,

230 1396 513 1454 Faerberus,
546 1395 669 1455 iniit,
701 1396 969 1458 explicandi
1001 1396 1135 1443 ratio.
1236 1396 1407 1442 Censet
1438 1395 1566 1442 enim
1597 1395 1705 1453 illc,
1749 1414 1894 1458 quium
1926 1396 2117 1443 materia
2148 1396 2337 1459 rhapso-

233 1471 340 1519 diae
372 1469 649 1518 undecimae
681 1480 780 1518 tum
814 1472 978 1530 forma,
1012 1471 1112 1518 sive
1143 1488 1169 1517 a
1204 1470 1381 1518 Boeoto
1415 1470 1576 1533 aliquo
1619 1469 1719 1517 sive
1763 1469 1883 1517 inter
1913 1470 2114 1519 Boeotos
2146 1471 2338 1521 Νεκυίαν

232 1546 535 1610 compositam
569 1563 689 1605 esse,
723 1544 929 1609 probari.
995 1543 1088 1590 Cui
1119 1547 1378 1591 sententiae
1411 1545 1472 1590 ita
1505 1544 2073 1614 refragatur'Fam-beros,
2104 1553 2156 1592 ut
2185 1547 2336 1593 Boeo·

231 1622 373 1667 ticam
409 1621 513 1682 ejus
547 1621 829 1684 rhapsodiae
858 1619 1089 1681 originem
1121 1619 1269 1681 probe
1315 1618 1623 1663 demonstrari
1664 1633 1802 1678 posse
1846 1628 2014 1678 neget3
2074 1636 2181 1665 nam
2225 1621 2338 1666 satis

230 1696 383 1739 fuisse
414 1711 698 1749 caussarum,
730 1711 815 1737 cur
845 1694 1069 1737 Boeotiae
1103 1692 1285 1736 Heroes
1319 1699 1365 1735 et
1396 1690 1632 1734 Heroinas
1666 1690 1804 1733 ctiam
1837 1691 2195 1738 minorisAsiae
2225 1710 2335 1756 poe·

231 1778 305 1815 tae
337 1766 626 1815 carminibus
659 1765 758 1811 suis
787 1764 1092 1812 celebrarent.
1161 1763 1263 1810 Nos
1296 1772 1346 1809 ut
1377 1772 1456 1809 aut
1488 1762 1672 1809 Laucro
1703 1771 1784 1808 aut
1815 1762 2049 1811 Faerbcro
2081 1765 2335 1830 adstipule-

230 1859 367 1900 mur,
438 1839 516 1887 vel
580 1840 758 1888 idcirco
808 1836 981 1887 adduci
1043 1854 1138 1884 non
1199 1854 1478 1901 possumus,
1543 1836 1673 1900 quod
1734 1843 1781 1883 ct
1837 1837 1979 1901 plane
2028 1838 2123 1886 alia
2176 1849 2334 1890 nostra

230 1914 446 1982 quaestio
470 1922 557 1975 est,
571 1903 713 1980 atque
725 1914 935 1972 illorum,
965 1912 1125 1976 quide
1145 1912 1411 1958 totiuslibri
1426 1911 1665 1957 undecimi
1679 1911 1859 1977 origine
1872 1922 2129 1979 exponunt,
2160 1922 2207 1961 et
2237 1915 2339 1981 ipsc

226 1993 472 2047 Lauerus,
519 2006 633 2033 num
667 1988 863 2034 omnino
894 1987 1003 2031 talis
1036 1989 1248 2049 quaestio
1282 1988 1331 2033 in
1366 2005 1477 2032 vero
1509 1987 1687 2031 versari
1719 1988 1894 2050 possit,
1925 1990 2110 2035 videtur
2141 1991 2337 2038 addubi-

228 2076 347 2113 tare.
409 2063 635 2109 Nostrum
666 2062 795 2108 enim
829 2069 914 2120 est,
949 2061 1294 2122 demonstrare,
1338 2062 1422 2126 qui
1456 2061 1632 2107 factum
1666 2061 1750 2118 sit,
1793 2070 1844 2107 ιιι
1874 2079 2038 2110 versus
2070 2064 2171 2124 illi,
2216 2088 2336 2134 qnos

230 2139 546 2188 alienissimos
569 2138 627 2184 ab
640 2136 1002 2183 Homericorum
1035 2136 1294 2183 carminum
1331 2138 1512 2183 ratione
1554 2152 1655 2182 esse
1700 2136 2011 2183 declaravis'se
2042 2141 2179 2189 nobis
2209 2145 2335 2194 vide.

224 2234 351 2273 mur,
385 2214 629 2276 Odysseae
661 2211 984 2256 insererentur
1016 2217 1063 2254 et
1094 2211 1299 2271 quando.
1394 2210 1454 2255 ln
1487 2227 1627 2271 quam
1669 2226 1768 2254 rem
1802 2218 1854 2254 ut
1884 2221 2097 2259 accurate
2129 2216 2336 2280 inquira-

227 2307 348 2347 nius,
381 2287 545 2351 paucis
598 2284 836 2347 agendum
869 2283 1056 2330 videtur
1092 2283 1150 2329 de
1194 2281 1254 2329 iis
1287 2281 1466 2344 poetis,
1514 2282 1600 2345 qui
1631 2282 1854 2344 ambiguo
1887 2285 2078 2332 nomine
2109 2300 2337 2339 vocantur

231 2362 427 2428 Cyclici.
522 2360 597 2407 De
631 2376 686 2405 ea
717 2375 770 2405 re
804 2376 924 2422 quae
971 2357 1239 2404 acutissime
1282 2374 1336 2404 ac
1382 2356 1707 2422 copiosissime
1752 2356 2008 2422 disputavit
2047 2360 2334 2426 Nitzsclnius,

231 2440 288 2484 iis
323 2453 451 2483 nune
483 2443 610 2482 extra
652 2450 839 2480 omnem
872 2432 1211 2479 dubitationem
1253 2432 1404 2496 posita
1448 2432 1701 2491 videntur,
1736 2432 1993 2495 significari
2026 2433 2110 2481 illo
2144 2441 2336 2488 nomine

226 2521 417 2575 poetas,
475 2510 559 2572 qui
599 2509 861 2554 Homerum
903 2508 1217 2565 aemulantes,
1290 2524 1411 2570 quae
1454 2523 1665 2553 summus
1715 2515 1854 2569 poeta
1898 2507 2068 2554 intaeta
2114 2514 2332 2576 reliquis-

227 2594 296 2634 set
328 2585 443 2633 belli
458 2581 662 2644 Trojani
693 2589 922 2645 tempora,
957 2597 1009 2627 ca
1042 2581 1332 2629 carminibus
1365 2580 1462 2628 suis
1494 2587 1883 2643 exsequerentur,
1917 2596 2070 2645 neque
2102 2584 2150 2632 id
2181 2594 2335 2638 tamen

227 2661 307 2716 ita,
342 2667 420 2718 ut,
465 2656 858 2721 quemadmodum
892 2655 1027 2699 multi
1060 2655 1340 2717 opinantur,
1382 2670 1568 2700 carmen
1601 2655 1661 2698 ab
1693 2654 1901 2699 Homero
1935 2654 2197 2704 institutum
2230 2678 2334 2724 per.

227 2741 467 2791 texerent,
529 2733 610 2777 sed
657 2729 927 2791 antiquiora
968 2730 1176 2775 carmina
1208 2747 1356 2776 novae
1388 2729 1501 2775 artis
1530 2728 1843 2775 aemulatione
1875 2729 2113 2777 studerent
2144 2750 2331 2798 supera-

253 2918 316 2964 29')
348 2919 440 2957 vid.
468 2917 682 2955 Nitzschius
708 2917 904 2954 Annotau.
935 2916 984 2951 ad
1011 2916 1090 2956 od.
1116 2915 1208 2955 vol.
1234 2916 1320 2955 m.
1345 2927 1386 2966 p.
1415 2915 1522 2952 20⁷.
