2608 3445
1295 210 1361 260 11

275 351 487 398 Tantum
518 359 675 398 autem
705 351 849 410 abest,
879 358 933 396 ut
959 363 1122 395 verum
1155 346 1247 406 sit,
1290 348 1421 411 quod
1453 348 1514 393 de
1547 346 1739 409 proprio
1769 348 1912 408 hujus
1943 348 2165 396 vocabuli
2195 350 2374 412 signifi-

272 432 380 471 catu
412 423 687 472 Nitzsehius
717 424 959 488 proponit,
990 430 1042 467 ut
1072 421 1132 468 IL
1162 425 1213 481 β.
1243 420 1352 469 287.
1383 421 1511 468 haud
1542 421 1684 467 dubie
1716 421 1775 467 ad
1797 422 2010 469 Achaeos
2042 424 2290 482 referatur,
2324 435 2375 469 ut

272 498 469 559 TroJam
500 499 728 557 delerent,
762 500 822 545 ab
854 496 1003 559 Argis
1033 495 1287 558 profectos⁶

391 571 488 620 Sed
520 572 579 619 ad
612 581 825 620 nostrum
858 570 1015 617 locum
1048 575 1101 616 ut
1135 576 1443 629 revertamur,
1477 568 1658 616 etiamsi
1691 568 1741 615 iu
1775 583 1831 615 eo
1863 564 2151 630 ἀποστείχειν
2185 571 2272 617 iter
2297 572 2373 618 de—

269 648 444 705 claret,
490 646 620 710 quod
662 661 747 707 per
790 643 919 691 illam
951 653 1148 703 terram,
1189 643 1328 705 eujus
1362 644 1548 692 incolae
1587 661 1662 690 res
1694 644 1950 689 maritimas
1982 643 2125 706 plane
2158 644 2372 707 ignorare

267 723 510 778 dicuntur,
543 719 812 765 faciendum
825 720 958 766 Ulixi
991 727 1106 776 erat,
1138 727 1295 764 tamen
1310 719 1449 781 sequi
1472 736 1785 781 pernegamus
1819 718 1957 775 illud,
1988 718 2117 780 quod
2150 729 2375 781 sequatur

265 811 456 842 necesse
487 811 589 842 esse
619 793 891 842 Nitzschius
923 794 1080 842 sumit.
1174 791 1300 840 Nam
1343 792 1413 840 ibi
1454 792 1495 840 si
1537 792 1596 841 de
1643 791 1853 841 terrestri
1886 790 2054 838 itincre
2085 790 2372 854 οἶτοστεῖχειν

266 868 484 931 usurpari
516 869 854 915 concedamusz
889 886 1004 915 num
1038 868 1097 915 de
1128 867 1238 914 solo
1263 883 1318 914 ac
1347 867 1572 914 continuo
1611 868 1779 914 itinere
1808 866 2019 912 terrestri
2049 874 2185 928 pocta
2208 867 2371 930 loqua-

270 951 348 987 tur
390 959 581 989 neeesse
622 944 725 989 est?
788 960 975 1001 nonne,
1052 941 1136 987 ubi
1177 941 1379 1005 pedibus
1413 951 1585 989 terram
1627 942 1759 988 illam
1794 941 1963 988 Ulixes
1993 940 2369 1003 permigraverit,

267 1026 315 1061 ut
330 1017 544 1078 digresso
559 1018 617 1064 ab
634 1017 791 1064 Ithaca
805 1016 975 1073 insula,
1008 1015 1071 1061 ita
1085 1015 1274 1062 domum
1297 1016 1355 1063 ab
1369 1016 1449 1063 illa
1464 1025 1586 1064 terra
1599 1033 1843 1064 reversuro
1862 1032 2027 1062 navem
2050 1017 2369 1063 conscenden-

264 1091 369 1136 dam
404 1091 573 1149 fuisse,
618 1091 743 1138 ultro
787 1108 846 1138 cx
891 1090 1108 1137 Tiresiae
1153 1090 1309 1137 verbis
1352 1091 1514 1154 patet?
1607 1090 1723 1137 Pari
1755 1090 1893 1138 modo
1915 1089 2057 1135 verba
2089 1088 2244 1150 λαβών
2275 1094 2367 1150 εὐῆ-

261 1183 333 1225 ρες
364 1164 546 1226 ἐρετμόν
579 1181 673 1211 nou
708 1165 770 1211 ita
803 1164 1078 1228 explicanda
1110 1172 1247 1223 sunt,
1289 1172 1342 1211 ut
1372 1164 1432 1211 ad
1468 1165 1617 1230 ipsam
1650 1163 1809 1212 Ulixis
1835 1164 1895 1209 ab
1926 1164 2084 1208 Ithaca
2118 1166 2367 1225 prosectio-

262 1255 368 1284 nem
399 1240 679 1298 referantur,
714 1240 796 1286 sed
829 1240 886 1286 ad
919 1239 1041 1285 illud
1071 1239 1295 1302 temporis
1327 1248 1631 1298 momentum,
1663 1255 1776 1303 quo,
1805 1238 1917 1284 navi
1946 1238 2089 1284 domo
2113 1240 2368 1301 profectus,

260 1313 497 1374 appulerit
512 1314 640 1360 illam
654 1323 838 1371 terram,
870 1331 1010 1376 quam
1024 1314 1336 1376 quiiucolunt
1349 1314 1529 1360 nullam
1549 1312 2111 1360 marish'aheredicuntur
2142 1315 2367 1365 notitiam.

264 1385 388 1433 Nam
425 1388 553 1450 quod
589 1405 673 1450 per
702 1405 752 1435 se
784 1396 994 1451 apparet,
1029 1389 1076 1434 id
1090 1388 1307 1451 pluribus
1320 1388 1664 1452 verbisapoeta
1676 1387 1963 1451 explicatum
1984 1387 2061 1446 iri,
2092 1405 2231 1436 nemo
2247 1407 2360 1437 sane

260 1460 565 1523 exspectabit,
587 1462 863 1510 uecdesunt
881 1463 991 1523 loci,
1025 1463 1167 1510 immo
1199 1470 1381 1510 exstant
1395 1462 1636 1527 permulti,
1668 1462 1862 1526 quibus,
1892 1479 2014 1526 quae
2046 1461 2146 1525 ipse
2176 1464 2364 1512 silentio

261 1535 593 1596 praeteriisset,
625 1552 722 1594 eoS,
746 1537 830 1599 qui
850 1537 1060 1583 audituri
1093 1537 1300 1583 carmina
1332 1554 1417 1583 sua
1447 1545 1620 1594 essent,
1644 1544 1863 1582 meuteac
1896 1536 2180 1599 cogitatione
2211 1543 2366 1604 exple-

258 1620 391 1654 turos
424 1627 545 1664 csse,
577 1626 663 1655 suo
688 1612 801 1668 jure
834 1612 1069 1670 speravit..
1169 1612 1305 1668 Quae
1335 1629 1484 1672 quum
1518 1611 1579 1656 ita
1612 1628 1663 1656 se
1692 1612 1912 1667 habeant,
1943 1612 2191 1673 impetrare
2223 1633 2248 1661 a
2281 1635 2363 1662 no·

257 1681 333 1725 his
368 1681 638 1743 nequimus,
671 1691 723 1726 ut
758 1683 984 1728 Virorum
1014 1681 1413 1740 Clarissimorum,
1448 1699 1567 1745 quos
1598 1699 1740 1743 supra
1774 1683 2138 1742 nominavimus,
2166 1689 2361 1751 vestigia

258 1763 522 1818 prementes
556 1756 604 1802 in
641 1758 764 1803 hunc
795 1773 983 1804 sensum
1016 1757 1184 1813 verba,
1218 1755 1276 1803 de
1307 1755 1482 1819 quibus
1512 1755 1805 1818 quaerimus,
1837 1756 2148 1819 accipiamus,
2181 1768 2233 1807 ut
2265 1779 2360 1810 uon

257 1830 316 1875 ad
349 1846 427 1877 eas
463 1847 538 1876 res
568 1830 888 1877 existimemus
923 1829 1167 1877 referenda
1200 1847 1328 1889 esse,
1361 1847 1484 1894 quae
1514 1846 1676 1893 reapse
1690 1831 1898 1894 agendae
1913 1830 2044 1878 Ulixi
2058 1832 2251 1894 suerint,
2280 1840 2361 1885 sed

257 1905 316 1948 ael
350 1904 478 1950 [ictas
510 1906 828 1950 tautummodo
872 1913 918 1951 et
950 1904 1104 1950 brevis
1136 1905 1372 1967 praecepti
1403 1921 1567 1951 caussa
1599 1914 1727 1952 tauta
1759 1922 1867 1952 cum
1898 1906 2127 1953 orationis
2158 1909 2357 1972 amplifi·

255 1978 437 2023 catione
469 1994 495 2022 a
527 1978 706 2024 Tiresia
742 1979 957 2041 prolatas,
980 1982 1040 2036 ¹⁹)

1238 2184 1379 2234 111.

375 2335 471 2381 Sed
502 2334 559 2380 ad
593 2333 731 2379 aiiam
777 2335 1100 2395 quaestionem
1144 2350 1229 2379 nos
1275 2332 1616 2391 convertimus,
1671 2333 1989 2381 difficiliorem
2033 2336 2164 2383 illam
2205 2350 2249 2386 et
2296 2344 2356 2388 ad

251 2407 461 2453 subsidia
494 2409 533 2454 si
568 2408 806 2470 respicias,
842 2407 1016 2470 quibus
1048 2407 1340 2470 expedienda
1373 2406 1512 2453 uobis
1545 2407 1651 2465 erit,
1687 2408 1984 2457 incertiorem
2015 2428 2069 2458 ac
2090 2413 2354 2476 perplexio-

252 2500 365 2529 rem.
430 2480 688 2541 Quaeritur
718 2481 860 2539 euim,
896 2489 1051 2528 utrum
1083 2481 1231 2538 Ιοοιιε,
1255 2481 1339 2545 qui
1374 2480 1591 2528 Tiresiae
1627 2480 1901 2529 vaticinium
1935 2484 2163 2545 continet,
2201 2498 2353 2551 poste-

253 2557 350 2602 rior
377 2563 501 2602 ccrtc
533 2557 636 2617 ejus
670 2573 789 2619 pars,
821 2572 942 2620 quae
973 2556 1032 2603 ad
1066 2555 1368 2603 constitutum
1403 2556 1510 2602 fatis
1545 2556 1698 2615 Ulixi,
1726 2557 1920 2604 devictis
1953 2559 2124 2622 prociS,
2155 2562 2212 2607 ab
2235 2565 2353 2611 Itha-

278 2776 340 2823 ⁸9)
368 2777 455 2825 Ipse
480 2776 710 2821 Nummus,
738 2780 809 2815 sibi
840 2790 967 2828 parum
996 2782 1181 2818 constans,
1210 2791 1292 2814 emn
1323 2777 1432 2814 nobis
1459 2780 1581 2815 farere
1605 2779 1759 2820 videtur,
1786 2790 1898 2827 quum
1924 2777 2014 2815 dicit
2039 2778 2066 2816 l.
2093 2780 2120 2821 l.
2149 2781 2237 2821 vol.
2267 2785 2350 2825 ΠΙ.

375 2855 419 2891 p.
443 2838 543 2876 210.
601 2842 721 2881 „Fur
747 2843 820 2879 den
849 2842 1040 2891 Odysseus
1065 2841 1181 2878 selbst
1202 2843 1346 2879 celerint
1372 2844 1451 2878 eine
1477 2842 1748 2894 Εηιιιιὶιιιιυις,
1775 2841 1849 2879 siet·
1877 2843 1975 2879 nach
2001 2846 2127 2880 sea‘uer
2150 2848 2354 2884 lleimkehr

379 2917 461 2940 vom
486 2905 608 2941 Mem»
631 2905 716 2953 scm
744 2921 787 2942 zu
815 2907 956 2944 holten,
986 2906 1098 2942 haum
1124 2905 1407 2956 ersorderh'ela.·‘
