2608 3445
1319 235 1386 284 12

301 394 353 424 ea
388 377 645 425 discessum
686 378 875 438 attinet,
953 364 1215 425 Homerum
1253 377 1420 424 babeat
1453 383 1687 423 auctorem
1720 390 1780 421 an
1815 366 1957 422 alium
1989 376 2227 439 quendam
2257 376 2401 425 serio·

301 454 367 497 ris
400 452 562 498 aetatis
593 460 799 513 poetam.
868 451 1169 516 Quamquam
1205 453 1326 500 enim
1360 460 1568 497 veterum
1599 451 1926 512 interpretum,
1960 449 2045 512 qui
2076 450 2404 499 addubitat-ent

303 526 519 572 Tiresiae
546 527 708 583 verba,
743 525 915 588 quibus
949 526 1007 573 de
1041 527 1223 590 agitur,
1256 527 1403 573 fuisse
1433 525 1636 571 vidimus
1668 524 1928 582 neminem,
1959 532 2117 571 tamen
2148 537 2245 571 non
2275 534 2404 572 tanta

302 618 402 646 esse
444 600 584 647 debet
626 599 865 647 vetustatis
912 602 1191 661 auctoritas,
1255 610 1307 647 ut
1351 600 1513 647 oeulos
1546 599 1604 643 de
1639 598 1872 646 industria
1903 598 2177 645 claudamus
2208 607 2256 646 et
2286 600 2402 646 anti-

303 676 412 738 quis
446 676 727 720 testimoniis
763 691 952 722 omnem
993 677 1109 722 recti
1150 676 1400 742 putlcriqnc
1441 691 1628 720 sensum
1676 675 1813 720 nullo
1849 671 2034 735 judicio
2078 673 2401 736 subjiciamus.

299 749 422 795 Nam
456 759 501 795 et
531 749 633 810 ipse
664 750 970 796 Aristarchus
1001 750 1172 795 multos
1205 750 1332 796 locos
1365 749 1644 795 Homericos
1675 749 1814 794 obelo
1846 749 2068 810 sig-navit,
2100 749 2184 811 qui
2215 766 2242 795 a
2275 749 2401 813 prio-

299 824 432 871 ribus
463 823 612 871 babiti
642 840 730 886 pro
763 823 984 886 genuinis
1017 831 1156 883 sunt,
1203 825 1380 881 veluti,
1423 832 1475 870 ut
1507 840 1652 869 nuum
1684 840 1743 868 ex
1771 821 1935 868 multis
1966 824 2213 870 afferamus
2250 840 2402 871 exem-

300 899 456 960 plum,
490 914 547 945 ex
583 897 685 961 ipsa
716 897 985 960 rhapsodia,
1018 914 1159 961 quam
1193 899 1241 944 in
1273 899 1489 945 manibus
1521 898 1764 954 babemus,
1797 911 1960 942 versus
1973 896 2251 957 568—627.;
2281 907 2327 945 et
2352 916 2403 945 ea

301 982 372 1019 est
402 973 719 1019 recentiorum
733 971 930 1017 Homeri
964 973 1321 1035 explanatorum
1352 972 1605 1037 prudentia
1638 989 1690 1017 ae
1723 971 1974 1033 sagacitas,
2007 979 2077 1029 ut,
2112 987 2315 1035 quorum
2347 975 2404 1019 de

299 1048 570 1111 integritate
602 1046 834 1104 dubitare,
869 1048 1105 1094 veteribus
1136 1065 1199 1095 ne
1231 1049 1279 1094 in
1313 1056 1514 1094 mentem
1546 1047 1736 1110 quidem
1767 1046 1912 1102 venit,
1946 1062 1999 1093 ea
2021 1046 2093 1094 vel
2114 1047 2310 1110 indigna
2335 1047 2404 1094 di-

299 1128 411 1167 vino
442 1130 580 1184 poeta
613 1123 687 1168 vel
718 1124 1026 1184 repugnantia
1068 1124 1302 1170 actionum
1334 1124 1473 1169 seriei
1510 1123 1585 1167 vel
1617 1129 1741 1167 certe
1771 1132 1985 1184 suspecta
2018 1130 2159 1184 atque
2183 1123 2404 1184 ambigua

301 1203 560 1258 agnoscant
589 1204 731 1258 atquc
768 1196 1018 1243 declarent.
1038 1201 1104 1255 ²⁰)
1171 1197 1230 1245 Si
1262 1199 1346 1261 qui
1378 1199 1510 1243 locus
1544 1195 1689 1257 igitur
1720 1196 1785 1241 ita
1816 1196 1874 1242 ab
1907 1196 2160 1243 Homerico
2189 1212 2405 1243 sermone

299 1270 507 1329 recedit,¹
532 1277 583 1315 ut
614 1270 804 1317 serioris
837 1271 999 1315 aetatis
1035 1271 1283 1317 :nanifesto
1319 1272 1485 1316 babeat
1521 1269 1734 1331 vestigia,
1766 1270 1807 1315 si
1838 1287 1865 1316 a
1897 1270 2053 1332 poesis
2084 1271 2245 1334 epicae
2276 1272 2407 1334 inge-

298 1346 398 1403 nio,
431 1345 571 1407 quale
603 1345 653 1390 in
684 1344 883 1391 Homeri
916 1345 1201 1391 carminibus
1236 1346 1389 1408 viget.
1425 1344 1662 1390 evidenter
1695 1345 1942 1402 abhorret,
1978 1343 2184 1408 denique
2216 1345 2256 1392 si
2290 1346 2403 1391 adeo

301 1436 410 1466 eum
438 1418 583 1467 totius
616 1418 844 1483 poematis
878 1418 1216 1482 compositione
1248 1419 1490 1476 dissentit,
1537 1426 1587 1465 ut
1619 1418 1753 1466 nullo
1784 1419 1980 1467 vinculo
2012 1436 2120 1467 eum
2154 1435 2209 1467 eo
2241 1421 2404 1468 cohae-

299 1503 424 1541 reat:
457 1497 573 1543 haec
603 1494 761 1540 omnia
794 1493 836 1539 si
867 1492 1026 1540 locum
1062 1494 1268 1556 aliquem
1306 1495 1353 1539 in
1389 1494 1764 1556 interpolationis
1796 1495 2110 1557 suspicionem
2130 1504 2313 1555 vocant,
2344 1513 2402 1542 ne

301 1578 509 1617 veterum
553 1568 744 1632 quidem
783 1567 1052 1615 testimonia
1083 1569 1207 1614 tucri
1240 1585 1347 1613 cum
1382 1576 1543 1614 contra
1572 1569 1726 1629 justos
1758 1569 1960 1630 impetus
1990 1578 2201 1633 possunt.

425 1644 563 1703 Quae
594 1659 760 1690 caussa
791 1649 877 1700 est,
908 1657 994 1687 cur
1026 1642 1165 1688 etiam
1198 1642 1379 1699 locum,
1428 1642 1476 1687 in
1511 1659 1650 1703 quem
1685 1643 2006 1703 inquirimus,
2040 1643 2090 1687 in
2122 1658 2285 1689 eorum
2320 1661 2403 1689 nu·

299 1734 432 1765 mero
468 1732 660 1779 ponere,
692 1716 777 1775 qui
809 1730 836 1758 a
867 1716 1126 1773 posteriorc
1159 1715 1319 1775 aliquo
1355 1716 1584 1775 scriptore
1626 1714 1792 1758 inserti
1833 1723 1969 1770 sunt,
2016 1715 2136 1761 nihil
2176 1705 2405 1785 verentur,

301 1806 588 1854 quanquam,
620 1804 745 1851 quae
774 1803 802 1832 a
832 1785 1101 1832 novissimis
1134 1787 1239 1847 ejus
1274 1786 1681 1847 impugnatoribus
1699 1786 1881 1847 prolata
1903 1795 2028 1845 sunt,
2059 1803 2156 1833 non
2175 1781 2286 1836 talia
2305 1808 2405 1839 esse

299 1865 539 1921 videntur,
572 1878 693 1923 quae
723 1860 783 1905 ad
815 1859 1123 1905 evincendam
1156 1860 1260 1921 ejus
1289 1860 1470 1907 νοθείαν
1501 1860 1701 1905 valeant,
1761 1858 1885 1906 Nam
1917 1859 1957 1904 si
1988 1860 2200 1907 Lauerus
2231 1864 2262 1910 l.
2295 1865 2328 1910 l.
2359 1883 2404 1928 p.

300 1939 376 1985 48.
409 1938 540 1996 dicit,
571 1933 790 1983 vaticinii
817 1940 952 1996 parte
982 1950 1051 1991 ea,
1082 1950 1175 1995 qua
1205 1941 1314 1995 post
1346 1941 1415 1980 tot
1446 1933 1653 1995 pericula
1684 1939 1808 1980 terra
1839 1937 2053 1997 marique
2084 1936 2261 1997 perlata
2286 1955 2404 1986 nova

301 2030 452 2076 caque
484 2010 644 2074 gravia
676 2007 920 2056 subeunda
954 2007 1201 2065 dicantur,
1248 2024 1366 2069 opus
1401 2007 1547 2053 fuisse
1582 2005 1737 2052 Ulixis
1768 2007 2052 2055 alacritatem
2084 2010 2133 2055 in
2166 2010 2405 2060 laboribus

301 2085 614 2147 suscipiendis
647 2083 759 2141 illis,
793 2082 896 2144 qui,
929 2083 1205 2145 priusquam
1240 2082 1288 2126 in
1324 2082 1519 2144 patriam
1552 2098 1711 2143 sospes
1744 2082 1934 2141 rediret,
1969 2084 2061 2146 ipsi
2093 2085 2406 2148 imminerent,

299 2162 603 2206 vehementer
622 2156 925 2204 labefactari:
952 2159 1067 2202 baec
1104 2173 1249 2218 quum
1266 2156 1394 2212 dicit,
1418 2157 1596 2217 quibus
1612 2156 1823 2202 vaticinii
1844 2166 2021 2217 partem
2053 2158 2182 2204 illam
2215 2162 2403 2208 subver-

298 2241 389 2291 tat,
451 2248 548 2277 non
590 2230 815 2293 cogitavit
853 2229 949 2275 Vir
987 2230 1194 2287 Doctus,
1259 2230 1386 2292 quod
1420 2247 1464 2291 p.
1503 2228 1571 2275 10.
1604 2246 1708 2292 sqq.
1742 2237 1836 2275 not.
1872 2230 1946 2278 19.
1978 2233 2238 2293 proposuit,
2266 2235 2405 2282 idcir—

300 2322 357 2354 co
391 2305 585 2352 Ulixem
616 2306 667 2351 in
691 2304 870 2351 Oreum
907 2302 1221 2363 descendisse,
1254 2311 1320 2363 ut,
1353 2304 1481 2367 quod
1515 2304 1574 2349 ad
1607 2303 1807 2349 reditum
1840 2320 1959 2367 opus
1992 2314 2130 2364 esset,
2165 2307 2265 2355 sive
2298 2325 2403 2357 con-

301 2381 464 2424 silium
496 2379 597 2423 sive
628 2395 760 2440 spem
791 2378 890 2422 sive
922 2385 1097 2420 metum
1131 2375 1231 2420 sive
1244 2377 2019 2437 animifirmitatcmindeauferret,
2051 2380 2100 2424 id
2114 2384 2405 2443 propositum

302 2452 495 2514 quidem
529 2452 588 2496 ab
631 2470 710 2507 se,
778 2468 876 2496 non
910 2449 1279 2494 demonstratum
1311 2450 1471 2495 fuisse.
1579 2451 1702 2497 Nam
1739 2453 1787 2497 id
1819 2470 1914 2497 non
1947 2453 2098 2513 magis
2130 2472 2287 2501 verum
2321 2469 2405 2514 est,

300 2542 441 2589 quam
473 2523 602 2590 quod
632 2540 775 2589 porro
808 2521 1064 2581 contendit,
1101 2524 1224 2570 hane
1257 2523 1532 2572 sententiam
1567 2523 1630 2573 ita
1663 2542 1763 2574 esse
1796 2542 1820 2573 a
1855 2533 1992 2590 poeta
2030 2542 2319 2591 expressam,
2355 2541 2406 2580 ut

300 2601 504 2657 diceret,
568 2599 761 2645 Ulixem
804 2599 854 2643 in
889 2598 1070 2643 Orcum
1107 2597 1428 2654 descendisse,
1509 2600 1567 2646 de
1599 2601 1753 2647 reditu
1787 2602 1991 2664 aliquem
2021 2603 2067 2649 Ιι.
2099 2603 2133 2649 l.
2168 2604 2404 2653 Tiresiam

302 2674 646 2721 consulturum.
717 2671 871 2718 Nobis
904 2670 1096 2734 quidem
1129 2671 1279 2734 magis
1312 2672 1533 2733 arrident,
1597 2691 1718 2738 quae
1737 2708 1752 2733 ,
1823 2693 1918 2739 quo
1951 2677 2150 2724 consilio
2182 2688 2317 2741 poeta
2347 2682 2405 2727 ad

326 2867 392 2912 ²⁰)
417 2866 485 2905 Cf.
512 2866 746 2912 Num-hius,
775 2870 838 2918 qui
866 2868 894 2907 l.
922 2868 950 2904 l.
977 2868 1070 2910 Vol.
1095 2867 1157 2906 11.
1195 2868 1573 2911 xxxa-LXIV.
1611 2872 1794 2910 subtiliter
1835 2885 1878 2910 ae
1916 2876 2063 2924 copiose
2101 2874 2145 2911 dc
2171 2874 2240 2909 hae
2266 2886 2305 2910 re
2332 2875 2401 2912 ‹lis-

426 2929 528 2969 serit.
